2948 5048
256 286 276 367 6
572 317 792 365 srucruuarvn
815 316 1089 363 nurcnsenrcvu.
1176 301 1180 311 '

256 479 351 562 Apud
375 478 566 542 Fabrottum
590 478 610 541 l.
637 480 652 543 1
678 476 768 543 deest
791 476 835 561 M,
857 477 878 541 l.
901 478 922 540 2
945 480 1020 560 post
1038 475 1135 542 ΖΟΤΙ
1155 473 1245 562 (uam
1271 480 1298 543 Σ
1323 478 1402 543 illud

256 584 343 649 valet
367 607 444 648 sane
468 585 506 670 Z)
534 584 659 669 reliqua
689 585 809 649 omissa
833 584 955 668 omnia,
984 584 1061 647 item
1086 607 1114 649 v.
1138 586 1158 648 3
1182 584 1307 668 reliqua
1329 590 1403 669 post

257 688 464 774 cONIVNX,
484 714 512 755 v.
531 692 553 754 4
572 690 653 756 duae
677 691 805 755 litterae
825 695 995 756 extremae.
1015 689 1054 755 V.
1073 692 1095 755 5
1113 695 1146 756 et
1161 692 1181 756 6
1196 690 1360 775 EORVM,
1373 716 1402 758 v.

259 800 276 863 'l
291 795 414 863 DONA
429 798 591 881 supplevit
611 797 649 862 de
664 820 732 881 suo,
747 821 775 862 v.
792 800 830 862 11
847 797 994 863 exhibuit
1007 797 1095 862 VEL
1113 797 1206 863 IVS·
1221 798 1402 866 lSTEIAE.

257 904 401 970 Permira
424 910 533 971 autem
555 905 652 970 huius
675 905 895 990 inscriptionis
919 905 1001 969 ratio
1025 910 1083 989 est,
1107 906 1226 970 sicum
1245 906 1312 971 alia
1330 896 1402 972 con·

258 1012 400 1076 tenderis
430 1017 507 1095 post
536 1010 680 1077 Donium
707 1010 799 1095 XIV,
830 1014 869 1077 16
899 1013 939 1077 ab
968 1011 1146 1077 Muratorio
1176 1014 1276 1098 1500,
1308 1017 1339 1105 1Ι
1357 1015 1402 1079 sic

258 1117 410 1201 repetita:

604 1230 630 1271 P.
650 1228 777 1306 svumvs
796 1230 934 1274 zomcvs.
953 1232 1002 1273 ar.
1021 1231 1131 1274 sumna
1150 1233 1222 1273 mou

560 1335 596 1376 su
611 1338 675 1378 vmr
689 1338 861 1380 racnavnr.
876 1340 925 1379 nr.
941 1340 1000 1380 rm.
1015 1340 1064 1380 rr.
1079 1341 1138 1380 mn.
1152 1341 1234 1388 nmo.

473 1442 650 1492 rosrcmso.
674 1444 809 1486 rnonvm
837 1445 877 1484 nr
905 1445 1019 1486 nnuma
1049 1446 1184 1488 conrvcr.
1208 1447 1294 1487 1va

403 1551 518 1590 iruna
540 1551 581 1590 rr
604 1551 663 1591 mn.
687 1550 850 1591 manneae.
874 1551 903 1598 o.
926 1550 1054 1593 rosran
1078 1552 1106 1599 o.
1130 1553 1266 1595 suouvu.
1290 1555 1330 1595 ur

351 1641 370 1697 5
426 1656 552 1699 svuurvs
571 1657 751 1699 rsrnranvs.
766 1658 814 1700 nr.
829 1659 888 1698 nm.
907 1657 1007 1700 umus.
1027 1660 1067 1698 nr
1086 1659 1119 1699 nr
1133 1659 1226 1702 conrr
1238 1688 1335 1703 ......

428 1765 583 1808 rronrvuv·
599 1765 736 1807 nacsrua
752 1763 857 1807 cursa.
871 1766 921 1806 rr.
937 1765 1097 1807 mersans.
1112 1767 1226 1808 ruerus
1238 1793 1317 1812 .....

377 1873 404 1914 er
423 1873 477 1921 cvr
491 1873 647 1914 vonvamr
662 1872 798 1913 nouare.
823 1873 881 1913 vnn
896 1873 1049 1914 vanusne.
1069 1874 1142 1916 rvu.
1157 1875 1251 1915 meaa

377 1982 418 2020 ur
455 1979 556 2022 roam
579 1980 607 2018 n.
627 1980 658 2020 u.
672 1980 699 2021 12.
723 1980 751 2019 n.
767 1979 816 2020 aa.
840 1979 1040 2027 ronrmrcvar.
1059 1981 1108 2021 ar.
1131 1981 1310 2025 vmcmrnvs

263 2064 344 2128 Tam
365 2064 449 2128 inter
472 2084 505 2126 se
525 2066 558 2126 et
576 2061 729 2126 differunt
748 2067 780 2126 et
799 2063 973 2128 concinunt
990 2063 1070 2128 haec
1094 2066 1126 2128 et
1148 2063 1205 2128 illa
1228 2065 1407 2151 inscriptio,

264 2178 298 2236 nt
321 2192 380 2234 nec
403 2169 517 2234 haberi
541 2190 600 2252 pro
624 2169 736 2234 eadem
759 2191 819 2234 nec
846 2192 906 2253 pro
930 2171 1066 2234 diversis
1090 2174 1217 2255 queant.
1262 2172 1409 2258 Egregia

263 2280 364 2365 igitur
386 2276 547 2362 Borghesi
571 2276 763 2360 coniectura,
786 2277 937 2341 iteratam
961 2278 994 2340 iu
1018 2278 1121 2342 altero
1144 2279 1245 2342 latere
1264 2279 1409 2344 eiusdem

263 2385 402 2470 sepulcri
425 2384 560 2448 eandem
585 2383 828 2467 inscriptionem
853 2383 961 2468 fuisse,
984 2385 1070 2469 qnod
1092 2405 1158 2449 non
1177 2406 1284 2449 carere
1304 2408 1409 2451 exem·

263 2494 337 2579 plis.
376 2491 474 2576 Atqui
497 2512 563 2555 non
587 2495 637 2555 est
658 2513 790 2574 prorsus
815 2491 935 2555 eadem.
982 2491 1211 2556 Diversitatem
1237 2492 1339 2576 igitur
1362 2494 1411 2558 ita

262 2604 391 2665 nosmet
414 2599 677 2682 interpretamur,
705 2600 741 2660 ut
768 2597 904 2661 diversis
928 2601 1099 2682 utrumque
1123 2598 1305 2682 exemplum
1329 2603 1411 2664 tem·

264 2707 397 2793 poribus
426 2704 609 2769 confectum
636 2704 844 2787 arbitremur,
872 2704 980 2787 priore
1008 2705 1138 2789 quidem
1166 2705 1304 2770 anobis
1335 2728 1412 2789 pro-

264 2813 377 2895 latum,
399 2810 578 2895 posteriore
601 2809 866 2875 Muratorianum.
890 2808 1030 2876 Suadere
1048 2812 1110 2877 hoc
1129 2812 1201 2896 ipsa
1219 2814 1304 2878 ratio
1324 2836 1412 2879 com·

264 2923 451 3004 paratarum
483 2918 568 2982 inter
597 2939 631 2981 se
657 2917 906 3000 inscriptionum
933 2918 1068 2984 videtur.
1113 2917 1199 2984 Nam
1226 2917 1260 2984 P.
1289 2919 1413 2987 Sollius

265 3026 394 3091 Zoticus
419 3047 491 3089 cum
514 3024 651 3109 coniuge
675 3028 886 3108 posteaquam
911 3026 974 3089 sibi
998 3030 1030 3090 et
1053 3027 1119 3091 suis
1143 3026 1283 3111 sepulcri
1302 3027 1414 3093 locum

264 3135 459 3217 paraverant
491 3133 798 3216 monumentumque
827 3132 980 3216 fecerant,
1014 3155 1050 3197 ac
1082 3154 1122 3197 ne
1155 3134 1226 3217 quis
1255 3156 1411 3219 umquam

265 3240 436 3321 alienaret,
468 3238 571 3301 multa
599 3237 777 3301 constituta
804 3238 1053 3322 interdixerant,
1084 3261 1167 3304 unus
1195 3263 1233 3304 cx
1260 3242 1415 3326 posteris,

266 3345 385 3412 Sullius
410 3343 592 3428 Stephanus
616 3344 666 3408 rel
690 3349 726 3408 ut
750 3349 825 3409 tunc
849 3346 1063 3429 loquebantur
1080 3345 1283 3432 lstephanus,
1306 3350 1415 3432 scpul-

265 3460 318 3520 tae
337 3453 458 3518 ibidem
478 3452 626 3536 coniugis
645 3453 836 3517 memoriam
851 3457 1096 3518 conservaturus
1111 3454 1269 3519 subscribi
1285 3454 1415 3539 aliquot

267 3582 377 3624 versus
401 3558 534 3641 curavit,
557 3558 674 3641 quibus
698 3558 736 3622 ad
761 3558 849 3622 illius
874 3581 999 3643 quoquc
1018 3560 1165 3645 coniugis
1185 3560 1320 3626 libertos
1340 3583 1414 3646 per·

266 3669 369 3733 tinere
389 3665 527 3750 sepulcri
547 3687 640 3728 nsum
661 3665 835 3748 separatim
855 3664 989 3731 iuberet.
1014 3664 1075 3730 Sed
1094 3667 1141 3730 ita
1161 3689 1232 3731 cum
1246 3671 1279 3731 et
1296 3689 1415 3752 parum

267 3773 425 3839 concinno
455 3771 564 3835 ordine
597 3776 667 3835 tota
700 3771 866 3855 inscriptio
894 3771 1093 3857 procederet,
1127 3776 1159 3836 et
1186 3795 1262 3839 vero
1290 3775 1414 3841 multae

267 3879 425 3964 obligatio
454 3901 474 3942 a
496 3878 607 3943 Zotioo
638 3878 833 3980 constitutae
856 3902 896 3944 ne
920 3880 1097 3963 pertineret
1119 3881 1248 3966 quidem
1273 3882 1313 3946 ad
1337 3904 1414 3947 con·

247 3988 351 4073 -iugis
371 3988 445 4051 illos
464 3986 610 4070 libertos,
633 3986 752 4071 quippe
772 4010 853 4071 quae
871 4011 936 4052 non
957 3988 1140 4073 subscripta
1159 3990 1214 4054 sed
1232 3989 1416 4073 praemissa

268 4100 366 4158 esset:
390 4094 522 4158 rescribi
545 4095 731 4158 universum
755 4094 884 4158 titulum
905 4093 1088 4177 Stephanus
1113 4095 1225 4179 voluit,
1247 4096 1282 4161 in
1302 4119 1414 4162 unam·

267 4223 327 4285 que
347 4201 594 4265 continuitatem
614 4200 734 4283 duplici
754 4199 954 4264 dedicatione
973 4201 1104 4266 redacta
1118 4225 1252 4287 pravum
1267 4203 1416 4268 ordinem

269 4305 441 4388 emendari,
460 4307 556 4370 simul
575 4309 683 4369 autem
703 4306 884 4371 accuratius
904 4308 1061 4391 quaedam
1077 4308 1202 4373 definiri
1216 4331 1312 4392 quam
1327 4315 1417 4374 esset

269 4436 288 4476 a
316 4412 427 4479 Zotioo
455 4413 585 4480 factum.
638 4413 684 4477 At
711 4415 743 4479 id
775 4414 898 4500 negotii
931 4416 981 4481 oui
1013 4417 1238 4500 demandarat,
1266 4420 1334 4480 tam
1362 4417 1416 4481 vel
