3080 5142
467 395 749 444 svrrunnnsrvn
773 397 795 443 1.
1142 381 1206 448 501

82 539 163 602 ribus.
206 535 288 602 Cum
312 538 407 602 huius
431 541 541 602 autem
564 537 745 603 sententiae
768 539 1002 622 probabilitate
1029 537 1116 604 haud
1140 540 1206 605 scio

82 668 113 708 au
132 644 275 728 proximo
303 643 431 711 vinculo
460 643 543 708 alius
571 644 619 708 rei
647 643 794 728 quamvis
823 644 921 710 dubia
949 645 1106 734 memoria
1133 653 1206 710 con³

82 753 173 816 iuncta
194 752 249 830 sit,
281 752 442 835 adquam
470 772 555 815 nunc
578 754 628 816 est
650 751 892 816 transeundum.
943 751 1030 826 Quas
1059 753 1145 816 enim
1172 753 1206 817 in

82 858 195 922 sinistra
217 859 418 922 monumenti
446 861 537 941 parte
565 857 739 940 inscriptas
767 857 834 922 sive
862 857 988 923 litteras
1018 859 1085 922 sire
1112 863 1206 923 notas

83 961 265 1028 t-1·xxvl
288 963 463 1048 conspicis,
487 963 565 1047 quid
587 963 719 1028 tandem
742 963 805 1028 sibi
829 964 910 1028 velle
929 963 1038 1029 dices?
1070 963 1120 1029 De
1138 965 1206 1049 qui-

83 1071 129 1134 bus
150 1070 264 1135 acriter
286 1069 460 1135 meditatus
488 1069 625 1154 denique
653 1068 699 1133 ‘re
723 1069 756 1134 iu
781 1091 891 1134 omnes
915 1075 1024 1154 partes
1048 1071 1102 1137 diu
1125 1072 1206 1137 mul-

82 1179 196 1260 tumque
214 1173 355 1241 versata’
378 1174 412 1238 in
436 1195 474 1240 eo
498 1175 630 1240 substiti
654 1179 690 1240 ut
712 1174 787 1240 illas
805 1197 872 1240 nou
891 1176 956 1242 alio
974 1175 1037 1242 nisi
1059 1178 1099 1242 ad
1118 1179 1205 1262 lapio-

83 1303 124 1347 55
134 1284 269 1364 priorum
287 1285 320 1346 et
337 1282 513 1346 vicesimam
531 1286 648 1346 emtam
672 1285 818 1366 spectare
841 1281 1076 1368 intellegerem,
1101 1285 1151 1349 vel
1170 1288 1207 1348 ut

83 1389 240 1454 modestius
262 1390 386 1474 loquar,
415 1387 497 1452 mihi
520 1387 646 1454 viderer
668 1388 870 1472 intellegere:
898 1411 974 1454 nam
998 1389 1025 1454 si
1049 1389 1128 1474 quid
1150 1411 1206 1456 no-

83 1496 144 1560 risii
164 1496 278 1560 rectius
297 1495 379 1579 istis,
402 1493 558 1560 felicioris
577 1494 700 1581 ingenii
720 1495 895 1579 sagacitati
914 1496 1027 1561 lubens
1047 1494 1205 1580 cedam.*)

83 1599 142 1666 lion
162 1601 303 1686 profecto
331 1624 403 1667 eam
431 1599 620 1666 memoriam
648 1601 697 1664 ita
723 1599 1020 1684 interpretabimur,
1047 1601 1140 1686 quasi
1167 1601 1206 1666 de

83 1707 229 1772 dictatoris
251 1707 433 1793 legionibus
457 1707 602 1790 cogitare
624 1707 735 1772 liceat:
762 1728 822 1772 nec
850 1708 935 1772 enim
959 1712 1051 1773 extra
1073 1706 1205 1773 ltaliam

83 1812 183 1878 bellrun
214 1815 283 1898 geri
314 1837 335 1878 a
361 1813 520 1878 dictatore
547 1814 668 1898 potuit,
699 1836 759 1880 neo
792 1815 923 1880 omnino
952 1814 1015 1879 ‘rei
1043 1816 1205 1900 gerundae

84 1919 189 1984 rauma'
211 1920 331 1984 dictum
360 1919 552 1984 dictatorem
580 1923 670 1986 aetas
698 1920 769 2004 illa,
796 1943 879 2005 quaa
906 1921 990 1986 inter
1013 1942 1117 1986 annos
1140 1920 1206 1986 505

84 2029 109 2088 et
124 2026 179 2092 537
198 2027 365 2091 interiecta
384 2029 446 2108 est,
470 2025 572 2090 ullum
589 2025 671 2091 uidit
689 2026 871 2091 certissimo
891 2029 974 2091 55555
994 2025 1087 2091 Livio
1101 2025 1206 2109 XXII,

85 2132 146 2195 tet
168 2135 218 2198 ll:
249 2131 330 2211 nihil
357 2135 393 2196 ut
419 2131 458 2196 de
482 2130 626 2196 Zonaras
654 2131 784 2197 silentio
814 2132 927 2198 dicam.
977 2132 1081 2198 Immo
1110 2132 1205 2198 binas

84 2237 237 2320 legiones
266 2238 492 2304 consulares
515 2237 776 2324 interpretamur,
800 2260 941 2325 easque
963 2262 1038 2306 uon
1060 2238 1095 2303 P.
1114 2237 1204 2305 Cor·

85 2345 173 2430 uelii,
195 2345 256 2412 sed
278 2367 298 2410 a
320 2344 363 2408 Μ.
381 2343 549 2410 Minucio
573 2344 607 2410 L.
621 2343 643 2410 f.
667 2345 707 2410 ad
731 2345 938 2412 debellandos
957 2345 1090 2412 Histros
1113 2345 1205 2410 edue-
1324 2348 1328 2360 '

85 2455 136 2528 las,
160 2473 222 2536 pro
249 2474 406 2536 quarum
434 2452 602 2516 victoria
632 2455 761 2518 votum
783 2451 944 2518 Herculi
966 2451 1108 2518 Romae
1130 2474 1204 2517 rno-

85 2577 157 2622 5555
177 2555 218 2622 M.
239 2557 428 2624 Minucius
452 2555 486 2624 O.
510 2558 531 2622 f.
554 2556 725 2623 dictator
751 2557 898 2624 fecerit.
935 2558 1094 2644 Legiones
1118 2559 1204 2644 enim

87 2663 251 2728 summatim
279 2663 525 2730 commemorari
553 2668 590 2728 nt
615 2685 736 2728 novum
765 2669 815 2729 est
841 2665 875 2729 in
905 2668 999 2729 tanta
1022 2665 1204 2730 votivorum

86 2767 231 2834 titulorum
253 2769 475 2854 multitudine,
507 2769 555 2834 ita
575 2791 634 2835 uec
657 2775 771 2855 suapte
793 2775 912 2836 natura
939 2771 1059 2835 iustam
1088 2793 1125 2836 ea
1152 2793 1203 2834 res

88 2872 230 2941 dubitandi
260 2898 413 2942 caussam
443 2875 556 2959 babet,
592 2897 651 2941 neo
683 2875 859 2960 singularia
891 2875 975 2940 ratio
1010 2874 1100 2941 deest
1132 2899 1205 2964 qua,

88 2981 155 3062 quod
177 2984 325 3051 usitatum
348 3005 415 3048 non
440 2987 537 3065 esset,
570 2982 628 3048 illo
656 2983 862 3066 potissimum
891 3005 975 3048 anno
1003 2985 1038 3046 et
1068 2983 1203 3068 abipso

88 3083 207 3154 llinucio
235 3113 304 3155 esse
331 3089 456 3154 factum
483 3088 688 3154 coniciamus.
735 3085 797 3152 Sed
825 3089 887 3153 buc
917 3087 1003 3154 inira
1025 3093 1205 3157 revertetur

79 3195 184 3260 orabo.
229 3196 345 3262 Maiori
382 3195 552 3260 offensioni
586 3217 756 3260 numerum
792 3195 938 3260 futurum
971 3219 1041 3262 esse
1079 3198 1205 3280 legionis

89 3297 192 3366 XXVI
208 3304 406 3388 suspicamur
428 3324 488 3386 pro
511 3300 643 3366 illorum
666 3301 795 3385 quidem
813 3304 996 3385 temporum
1014 3303 1203 3369 rationibus.

90 3401 148 3470 Non
168 3407 344 3493 ignoramus
369 3407 449 3472 adeo
469 3409 637 3474 coarmae
660 3407 856 3473 mentionem
879 3409 949 3472 fieri
973 3410 1007 3473 in
1027 3409 1123 3472 titulo
1142 3408 1203 3472 Be·

89 3515 242 3579 neventano
274 3516 315 3580 ab
342 3513 496 3578 Henzeno
525 3513 690 3596 publicato
721 3513 869 3598 syllogae
897 3512 1081 3578 Orellianae
1108 3518 1130 3578 t.
1153 3513 1203 3580 III

90 3617 1204 3702 noema:o-uL0u10·P-r·sun·uns·xxxlunvanu-

89 3717 333 3792 tumtur-L
352 3727 363 3810 ll
380 3724 607 3790 tbeODORAE
630 3725 641 3810 ΙΙ
662 3724 815 3791 liu-0:
843 3725 899 3790 ubi
928 3724 1092 3790 verissime
1116 3725 1202 3790 Hen-

90 3847 167 3894 renus
192 3830 232 3897 ‘et
255 3831 360 3898 miles'
392 3833 440 3898 ait
472 3831 516 3896 ‘et
542 3831 627 3917 legio
660 3832 851 3917 cognomine
883 3837 1028 3898 carentes
1061 3835 1202 3898 aetatem

90 3935 153 3998 satis
182 3939 343 4024 antiquam
374 3935 558 4004 testantur?
611 3936 681 4014 Quo
714 3937 863 4003 accedere
895 3959 959 4002 una
986 3960 1003 4000 e
1031 3938 1202 4020 glandibus

91 4038 240 4109 missilibus
262 4029 368 4110 videri
385 4049 496 4130 potest
519 4067 538 4108 a
561 4042 718 4109 Caietano
742 4045 781 4109 de
803 4043 931 4109 Minicio
955 4042 1050 4108 editis
1073 4043 1107 4108 in
1131 4041 1202 4108 Dis-

91 4147 292 4218 sertationibus
334 4150 519 4216 academiae
559 4150 726 4216 Romanae
766 4149 950 4234 pontificiae
992 4150 1070 4214 anui
1108 4151 1202 4235 1844,

91 4250 157 4318 illl
178 4277 205 4338 p.
223 4259 280 4323 189
300 4278 385 4343 sqq.:
417 4278 498 4342 quae
526 4255 605 4322 haee
633 4260 683 4320 est
714 4257 749 4322 in
783 4256 909 4321 adiecta
936 4256 1048 4321 tabula
1076 4255 1201 4323 chalco-
1216 4283 1238 4324 x

92 4399 272 4420 Ἣ

161 4478 183 4552 ⁸)
199 4485 278 4557 [Vide
296 4433 370 4542 iufia
389 4485 530 4556 Supplenu
550 4485 589 4538 lll
607 4503 634 4554 p.
649 4485 701 4538 VH
719 4501 760 4554 sq.
797 4483 826 4540 C.
842 4483 898 4555 W.]
