3048 5144
312 349 373 412 150
587 364 809 412 uouvuuuns
832 363 1066 410 erronearum
1090 363 1181 411 num.

307 507 434 592 ERVC,
458 505 652 590 SIBVLLA,
675 505 907 572 HVPSAEVS
928 505 1003 592 (hoo
1017 506 1145 590 quidem
1161 507 1246 591 apud
1259 505 1457 572 Ecklrelium

308 615 349 698 II,
368 614 389 679 5
412 638 442 699 p.
462 613 527 680 216
551 612 600 694 [0.
618 613 643 678 l.
663 613 697 678 L.
720 612 736 677 I
759 635 790 678 n.
804 611 910 698 4661),
931 613 998 678 sive
1019 613 1150 698 septimi
1169 613 1288 678 saeculi
1306 613 1458 678 exeuntis

310 724 386 786 suut
409 720 476 785 sive
500 719 641 786 ineuntis
665 719 785 804 octavi,
809 723 844 784 66
866 717 1041 784 HYPsAu
1065 718 1116 785 vel
1139 718 1281 784 YPSAE
1305 719 1341 784 in
1363 719 1458 784 Plau-

309 827 375 892 tiae
397 827 539 911 itemque
561 825 723 890 Aemiliae
747 824 794 890 eis
817 825 946 890 demum
969 826 1112 890 nummis
1135 830 1285 910 apparet,
1310 849 1396 912 quos
1419 826 1459 890 ed

309 934 345 999 P.
368 933 510 1017 Hypsaei
540 932 584 997 M.
612 931 724 998 Scauri
756 932 917 998 famosam
950 955 977 998 a.
1004 932 1068 997 696
1101 931 1303 999 aedilitatem
1336 934 1459 998 relatos

310 1041 399 1106 vides
423 1039 507 1124 apud
526 1038 720 1105 Eckhelium
742 1062 773 1122 p.
791 1040 863 1104 132,
878 1039 943 1104 216
966 1039 1175 1124 Ricciumque
1198 1062 1228 1123 p.
1250 1041 1278 1103 7.
1299 1040 1366 1105 115
1391 1039 1459 1124 (661

310 1148 594 1233 neglegentissime
618 1145 865 1232 Hlpsnulvs)
894 1145 1105 1233 expressum),
1138 1147 1294 1231 [itemque
1316 1147 1354 1211 in
1378 1146 1413 1212 Ο.
1437 1147 1460 1210 l.

311 1254 347 1320 L.
370 1255 386 1320 I
408 1277 439 1320 n.
458 1255 548 1335 461]Ι

400 1361 490 1426 Η666
512 1361 614 1446 igitur
637 1381 709 1424 cum
732 1361 780 1424 ita
804 1361 882 1446 sint,
905 1380 1001 1445 aegre
1025 1381 1103 1425 sanc
1125 1358 1236 1424 Livius
1249 1359 1461 1445 Naeviusque

313 1470 482 1534 credentur
504 1468 570 1531 iam
593 1467 644 1532 usi
668 1489 739 1531 esse
761 1487 782 1550 y
804 1466 925 1531 littera.
956 1466 1002 1532 Vt
1025 1470 1082 1532 ant
1101 1466 1298 1552 Victorinus,
1321 1467 1411 1552 quod
1429 1466 1461 1530 in

313 1575 417 1641 solam
440 1593 458 1639 a
479 1572 620 1658 caderet,
650 1573 877 1658 neglegentius
904 1572 1113 1638 transtulisse
1141 1573 1181 1639 ad
1209 1577 1384 1658 utramque
1407 1595 1462 1657 pu·

314 1681 430 1747 tandus
454 1680 511 1764 sit,
543 1683 600 1743 aut
621 1677 775 1762 fortasse,
808 1679 835 1742 si
860 1683 909 1743 est
932 1678 1104 1764 diligenter
1127 1679 1267 1762 1666666,
1291 1679 1339 1745 sic
1365 1679 1462 1762 scrip-

314 1789 412 1855 sisse:
442 1789 523 1853 acam
549 1805 642 1850 aasz
666 1786 788 1850 literam
809 1805 906 1868 crecy
933 1786 969 1849 iu
992 1785 1085 1850 coros
1106 1805 1177 1851 suos
1196 1787 1327 1870 rettulit,
1358 1805 1463 1868 quom-

313 1917 407 1979 puom
428 1895 528 1960 illud
548 1898 618 1958 ante
638 1892 775 1972 fecerunt
796 1892 939 1957 Naeuius
960 1897 990 1956 ct
1010 1893 1131 1958 616166.

404 2001 455 2067 Ad
478 2000 731 2087 geminationem
755 1999 915 2064 vocalium
938 1999 1139 2084 revertimur,
1163 1999 1319 2065 usitatam
1344 1997 1462 2064 661166-

315 2111 400 2176 cium
428 2113 461 2173 et
488 2108 588 2192 ultra,
621 2107 649 2171 si
677 2104 932 2183 Quinctillanum
962 2106 1124 2189 audimus,
1157 2105 1198 2170 ab
1222 2105 1323 2170 Accio
1353 2104 1464 2170 inven-

315 2221 398 2302 tam,
422 2215 449 2280 si
473 2217 597 2284 ceteros
620 2213 864 2299 grammaticos.
896 2210 1039 2287 Quorum
1058 2213 1124 2278 utri
1142 2213 1249 2278 verius
1272 2212 1407 2276 tradant
1429 2215 1464 2276 66

316 2327 403 2388 recte
427 2321 627 2406 diiudicetur,
650 2321 845 2386 consulenda
868 2323 1076 2385 monumenta
1104 2324 1192 2403 sunt,
1219 2317 1331 2383 rursus
1356 2323 1463 2384 autem

318 2430 358 2495 ab
390 2429 436 2493 eis
470 2427 698 2492 exordiendum
730 2447 811 2510 quae
843 2425 1000 2510 temporis
1032 2429 1144 2490 notam
1176 2429 1299 2491 certam
1331 2426 1463 2492 habent.

316 2535 431 2620 Itaque
454 2535 595 2618 primum
623 2532 766 2598 omnium
797 2531 971 2597 miliarium
994 2531 1210 2616 Popillisnum
1241 2533 1317 2597 anni
1341 2533 1409 2598 622
1432 2532 1464 2596 in

207 2628 209 2634 ¹
318 2645 411 2708 tanta
440 2642 612 2725 longarum
645 2639 805 2704 vocalium
837 2638 1047 2703 multitudine
1079 2638 1177 2703 semel
1210 2635 1463 2702 PAASTORES

319 2751 429 2829 offert,
452 2747 666 2829 similiterque
690 2745 827 2830 singulis
851 2744 1005 2829 exemplis
1029 2743 1171 2810 Bantius
1193 2744 1307 2810 tabula
1330 2743 1463 2809 LVVCl

319 2853 470 2919 Hunos
491 2849 662 2933 Lusum,
681 2850 732 2915 bis
752 2849 898 2934 SEESE,
916 2849 972 2914 sed
991 2850 1103 2915 eadem
1121 2855 1231 2916 tamen
1250 2850 1350 2916 etiam
1365 2849 1462 2915 LVCl

320 2959 439 3025 ΗΑΟΕ
467 2956 584 3023 LEGE
613 2955 718 3022 SESE
749 2960 782 3021 et
810 2958 857 3021 sic
885 2961 993 3022 cetera
1016 2957 1126 3022 omnia
1155 2957 1358 3042 simpliciter.
1405 2958 1465 3023 Ter

321 3063 492 3131 MVVOIO
521 3063 677 3147 scriptum
703 3062 738 3126 in
766 3083 839 3127 aere
863 3059 1018 3145 Genuati,
1048 3063 1148 3128 semel
1170 3062 1464 3146 ARBITRATVV,

282 3207 307 3246 ,ς
321 3172 403 3238 nihil
431 3173 599 3254 praeterea
621 3168 776 3254 pariliter.
830 3167 1065 3234 MAAROIVM
1096 3169 1129 3232 in
1152 3169 1277 3254 Argiva
1299 3171 1378 3236 anni
1402 3171 1463 3234 636

323 3277 373 3366 (O.
391 3279 416 3344 l.
434 3277 488 3342 Gr.
518 3275 601 3340 1137
632 3274 680 3355 [O.
699 3275 723 3339 Ι.
742 3273 777 3339 L.
799 3275 816 3339 1
838 3297 868 3340 n.
887 3275 967 3357 5963
995 3273 1058 3358 III,
1079 3278 1095 3338 1
1124 3297 1155 3340 n.
1174 3273 1267 3362 532])
1290 3281 1380 3342 recte
1403 3276 1463 3360 legi

322 3385 425 3452 videri
448 3381 635 3469 supradixi
658 3403 688 3464 p.
710 3382 749 3446 18
770 3381 878 3461 [136]:
901 3401 939 3446 ac
962 3402 1033 3445 sero
1055 3381 1149 3448 video
1172 3381 1351 3468 bilinguem
1374 3385 1463 3449 illam

324 3496 399 3558 ante
423 3489 643 3557 Cavedonium
670 3489 705 3553 in
732 3486 866 3552 eandem
896 3486 962 3551 lere
990 3491 1117 3570 partem
1143 3487 1330 3573 Philippum
1355 3489 1463 3556 Lesas

323 3599 421 3665 Inscr.
441 3619 489 3682 gr.
508 3601 541 3661 et
558 3596 615 3662 lat.
634 3595 746 3662 fasc3
765 3591 923 3679 (61837)
946 3615 976 3678 p.
991 3595 1057 3659 202
1080 3595 1329 3679 interpretatum
1349 3593 1463 3681 esse.*)

322 3707 444 3772 Iterum
466 3701 637 3770 MVVOIO
669 3705 720 3766 ter
747 3704 797 3765 est
824 3700 858 3764 in
886 3700 957 3786 lege
982 3701 1111 3786 agraria
1138 3703 1317 3786 6661643,
1350 3705 1406 3770 sed
1433 3704 1464 3767 in

323 3813 435 3878 eadem
459 3811 558 3876 etiam
580 3807 719 3874 MVOIO
743 3807 950 3892 aliquotiens3
984 3806 1202 3874 LVVOEIVS
1227 3809 1276 3872 bis
1299 3809 1334 3873 in
1357 3810 1463 3875 Athos

323 3919 381 3984 illa
408 3917 484 3982 anni
508 3916 574 3980 662
598 3913 647 3995 [Ο.
670 3912 695 3978 Ι.
718 3911 753 3978 L.
776 3913 958 3998 166781,
986 3914 1076 3979 cuius
1104 3915 1213 4000 paullo
1242 3919 1317 3980 ante
1345 3915 1463 3980 mentio

323 4043 536 4054 ———-—

413 4109 511 4180 *)[61.
535 4109 565 4165 P.
585 4109 616 4162 L.
635 4108 672 4162 M.
692 4108 721 4162 E.
747 4107 843 4162 Enarr.
867 4107 901 4177 p.'
915 4113 961 4162 61:
993 4106 1119 4162 ‘titulum
1140 4108 1275 4178 Argivum
1293 4111 1463 4179 spectantem

325 4201 360 4255 sd
385 4199 416 4264 Q.
439 4198 593 4254 Maaroimn
618 4196 649 4262 Q.
673 4197 693 4253 1.
720 4198 827 4268 Regem
855 4213 909 4251 cos.
937 4213 1011 4251 anno
1038 4198 1088 4251 aut
1112 4203 1164 4252 636
1196 4200 1246 4252 666
1268 4198 1353 4268 (quod
1378 4197 1462 4252 minus

325 4289 431 4358 placet)
450 4295 501 4343 686
521 4329 594 4344 ....
614 4286 743 4342 Latinum
768 4302 828 4341 esse
846 4301 898 4340 nec
917 4284 1091 4340 Cavcdonius
1110 4285 1216 4354 primns
1234 4285 1306 4341 vidit
1324 4330 1352 4343 ..
1377 4305 1409 4342 sc
1431 4301 1462 4340 na

326 4375 476 4430 Le·Basius
495 4374 616 4444 quidem,
636 4375 684 4429 sed
703 4377 769 4430 ante
787 4373 839 4427 hos
857 4372 918 4442 ipse
937 4373 1050 4430 Rossius
1068 4373 1151 4431 Inscr.
1174 4393 1263 4445 graec.
1282 4372 1460 4431 incidissel

326 4463 464 4534 Nauplius
483 4479 508 4518 a.
528 4469 597 4518 1834
616 4463 691 4518 edito
709 4481 736 4532 p.
753 4461 806 4518 18!
845 4460 873 4517 C.
889 4459 946 4532 W.]
