2948 5048
252 334 411 382 vocatus
434 334 641 383 ouuruxrxa
665 335 710 382 nr
735 335 765 380 n.
784 333 905 381 necrus
930 331 1188 380 unaaruamcvs.
1237 314 1300 377 145

148 475 208 540 hoc
227 476 335 541 minus
355 478 514 561 perspicio
533 500 596 563 quo
615 477 754 562 planius,
776 499 842 542 non
865 476 1003 561 probare
1028 497 1062 539 se
1081 475 1180 540 talem
1199 474 1298 557 scrip-

148 589 268 661 turam,
311 584 543 668 grammaticus
576 608 607 669 p.
635 584 699 649 569
732 583 888 648 ostendit:
920 583 1005 665 cynici
1034 582 1166 646 Latinos
1197 586 1299 645 tornea

146 695 286 754 acacii—r
309 713 346 772 n,
374 697 410 755 ut
435 692 590 775 angelus
616 691 808 775 Longinus
831 690 1018 755 Anchises.
1061 689 1166 766 Quare
1189 688 1297 753 viden-

147 797 223 860 dum
250 819 292 861 ne
320 798 489 879 euphoniae
516 818 610 863 cereso
632 819 738 879 aarum
759 797 814 862 boc
834 797 980 878 sumentes
1010 797 1184 880 scripserit.
1230 794 1298 859 Nec

147 904 302 987 probasse
317 904 470 989 Nigidius
487 904 621 989 Figulus
641 904 776 988 videtur,
800 925 816 967 c
840 905 929 968 cuius
953 902 1192 968 commentariis
1216 901 1297 965 haec

146 1010 274 1076 Gellius
296 1010 388 1089 XlX,
414 1012 454 1076 14
482 1011 656 1094 excerpsit:
683 1011 764 1074 inter
791 1010 913 1074 literam
935 1033 957 1073 ιι
979 1013 1009 1073 el
1031 1030 1053 1094 g
1080 1015 1124 1074 esi
1148 1009 1215 1073 olio
1237 1011 1296 1090 uia,

146 1124 179 1181 ul
202 1121 238 1184 iu
260 1120 385 1183 narii-irc
412 1120 547 1200 cruperis
574 1123 602 1182 el
624 1118 760 1200 uapori
786 1121 815 1181 cl
841 1137 997 1181 urceoroc
1023 1121 1052 1180 cl
1072 1116 1243 1197 increpat
1268 1121 1297 1179 et

146 1227 313 1290 incrcrrit
334 1231 362 1290 ct
381 1227 581 1308 inperitius:
603 1226 639 1289 in
657 1224 797 1288 occuitus
814 1225 896 1288 enim
914 1223 963 1288 bis
980 1245 1042 1288 uoci
1060 1245 1168 1288 riorum
1186 1245 1222 1306 n,
1244 1224 1297 1287 sed

146 1333 357 1397 adulterinam
374 1333 533 1422 ponitur.¹
559 1331 707 1415 Ascripsi
734 1331 815 1396 haee
844 1330 953 1395 omnia
976 1333 1013 1395 ut
1039 1331 1182 1415 apertior
1209 1332 1294 1393 esset

148 1438 247 1504 Marii
279 1438 440 1505 Victorini
479 1441 512 1503 in
550 1440 615 1503 alio
648 1440 718 1504 loco
752 1438 890 1522 quodam
924 1437 1121 1521 emendati0,
1158 1438 1213 1522 qui
1246 1443 1337 1502 esta
1438 1525 1443 1535 Ι

150 1567 178 1627 p.
196 1544 288 1610 2465
310 1544 344 1609 P.
368 1546 409 1609 21
436 1544 486 1609 G.:
514 1566 647 1627 auceps
674 1547 817 1610 cicc-illo
844 1546 988 1609 oucilio
1011 1549 1210 1626 eliquatum
1232 1567 1296 1609 un·

149 1654 269 1732 orricii
295 1673 359 1717 nou
388 1654 489 1717 iudico
510 1674 569 1736 per
591 1674 651 1730 (ιιι,
678 1654 732 1717 sed
759 1674 842 1716 errore
865 1652 1054 1717 Graecorum
1074 1673 1134 1733 pur
1155 1673 1199 1734 op
1227 1653 1298 1716 scli-

153 1763 211 1823 liou
235 1760 338 1824 cccclii.
366 1781 448 1824 uerno
470 1760 583 1824 odiieio
607 1781 681 1844 eq.
701 1781 739 1842 s,
761 1760 878 1843 quibus
897 1759 931 1823 in
950 1760 1013 1823 fine
1032 1759 1112 1824 haec
1135 1761 1296 1825 subiciun-

154 1870 215 1930 tur:
238 1872 268 1929 et
281 1867 330 1951 (ul
345 1865 457 1951 vulgo)
477 1887 609 1948 anceps
631 1872 660 1930 ct
680 1867 824 1930 otacilio
846 1872 874 1929 el
895 1868 1036 1949 aupaci
1058 1872 1086 1930 ct
1103 1872 1298 1949 oripiesluiu

156 1974 376 2054 conquirit
402 1979 430 2037 et
457 1994 596 2038 cucero
624 1978 653 2037 et
678 1975 796 2038 siriciliu
818 1995 876 2055 pei·
898 1997 919 2037 n
942 1976 1048 2054 polico
1075 1996 1168 2056 pirum
1190 1997 1248 2056 per
1276 1996 1298 2058 g

157 2079 278 2144 scribite.
324 2079 388 2143 Pro
412 2101 450 2145 eo
474 2080 559 2165 quod
588 2081 630 2144 ab
658 2080 752 2144 initio
781 2085 830 2144 est
857 2081 987 2163 circili«,
1020 2081 1053 2144 iu
1081 2082 1143 2145 fine
1170 2082 1297 2164 (rupino.

158 2181 316 2250 Parisinus
340 2186 439 2250 codex
459 2187 509 2249 bis
529 2185 661 2250 exhibet
679 2187 815 2267 capitio:
838 2187 923 2271 quod
941 2187 1006 2250 nisi
1024 2187 1109 2252 forte
1128 2188 1167 2252 ad
1182 2189 1296 2252 Aenei-

156 2288 208 2354 dos
231 2314 361 2356 versum
384 2291 457 2375 Vll,
481 2294 545 2357 759
569 2296 696 2376 spectat
724 2291 866 2379 (quando
896 2293 935 2357 ad
958 2292 1141 2377 Vergilium
1165 2295 1297 2377 potissi-

148 2417 239 2462 mum
272 2421 400 2464 omnem
431 2399 593 2482 applicare
627 2399 807 2464 doctrinam
841 2423 933 2464 suam
965 2400 1060 2464 latini
1093 2402 1297 2485 grammatici

141 2503 408 2591 consueverunt),
431 2506 516 2589 quod
540 2505 645 2570 habeo
669 2511 779 2570 tumen
798 2528 854 2570 eur
873 2506 1069 2589 addubitem,
1093 2508 1297 2572 scribendum

137 2632 223 2675 esse
249 2617 385 2697 utroque
414 2615 485 2679 loco
513 2615 631 2696 dupino
659 2613 793 2678 videtur.
839 2614 1011 2677 Praeterea
1040 2614 1146 2696 priore
1170 2614 1241 2678 loco
1266 2620 1298 2679 et

135 2737 264 2781 irruere
288 2719 453 2784 intercidit
475 2724 551 2804 post
573 2720 714 2800 onqiiiril
745 2723 777 2784 et
800 2720 919 2785 ibidem
943 2720 977 2783 in
1000 2724 1221 2784 transversum
1245 2720 1296 2785 de-

135 2825 315 2889 tortasse
344 2849 433 2891 mens
461 2827 681 2911 grammatici,
716 2827 835 2910 (puppe
864 2828 918 2911 qui
945 2848 1150 2911 nequaquam
1177 2828 1297 2892 iudicet

135 2925 229 2995 ‘nou
242 2955 300 3014 per
322 2955 383 3011 (ιιι,
405 2935 458 2999 sal
474 2956 557 2999 orme
571 2934 760 2998 (licentram
779 2956 836 3015 per
856 2933 915 3016 αρ’
934 2935 986 2999 vel
1007 2935 1211 3000 scribendum
1227 2958 1296 3000 esse

137 3037 201 3101 vel
229 3041 322 3106 scribi
346 3041 489 3106 solitum.
525 3040 571 3106 Vt
589 3041 702 3125 paucis
722 3041 926 3125 complectar,
950 3062 1053 3126 apage
1077 3043 1158 3106 illud
1177 3044 1296 3127 impor-

139 3143 266 3211 tunum
287 3149 399 3226 iudice,
423 3148 508 3232 quod
531 3170 591 3212 nec
614 3148 681 3213 coit
705 3170 785 3211 sana
809 3149 935 3213 ratione
958 3172 1030 3214 eum
1054 3172 1092 3213 eo
1116 3151 1201 3234 quod
1224 3172 1296 3215 eon·

141 3255 296 3334 seqnitur
324 3276 408 3320 ιιιιιιο
434 3256 560 3332 ocliicio,
592 3277 650 3319 nec
679 3255 785 3338 magis
815 3255 848 3318 in
876 3255 1023 3320 Parisino
1053 3257 1173 3341 legitur·
1200 3280 1296 3341 quam

142 3359 256 3437 wala,
284 3361 341 3425 sed
364 3362 482 3425 iudicat
504 3364 537 3424 et
558 3361 692 3426 scribere.
743 3361 833 3446 Ergo
856 3362 1017 3446 dispostas
1044 3364 1077 3426 iu
1105 3364 1154 3426 (lic
1175 3367 1210 3426 ul
1232 3364 1296 3446 syl-

144 3451 246 3529 lstbas
267 3467 378 3532 licebit
395 3468 428 3531 ici
451 3451 506 3533 dii
529 3469 637 3548 atleta]
658 3469 873 3553 interpretari,
892 3468 1071 3553 misereque
1090 3471 1296 3534 obscuratam

145 3552 313 3638 Victorini
338 3575 527 3639 memoriam
552 3597 681 3639 omnem
709 3581 760 3640 sat
783 3577 871 3641 clara
894 3576 928 3640 in
951 3578 1022 3642 luce
1045 3578 1092 3641 ita
1117 3579 1296 3643 conlocare:

146 3682 283 3760 anceps
305 3730 400 3746 .....
424 3683 595 3763 (inquirit
616 3704 754 3747 uiscera
776 3684 841 3747 ιἰιιιι
859 3685 927 3748 clici
940 3684 1063 3748 Atrium
1080 3705 1144 3748 nou
1155 3706 1216 3766 per
1237 3695 1323 3760 eust

149 3776 210 3839 ⁵011
230 3806 308 3850 crore
322 3787 512 3852 Graecinum
529 3810 588 3871 poi·
610 3811 654 3872 up
675 3791 800 3855 solitum
822 3791 965 3855 scribere:
988 3812 1071 3855 arluc
1084 3792 1197 3868 udicio,
1219 3791 1298 3854 sicul

153 3878 237 3953 inter
256 3916 286 3958 m
309 3900 337 3959 ct
359 3917 381 3959 n
406 3896 537 3960 liliorum
560 3919 623 3961 noc
645 3898 746 3962 litabo
768 3903 832 3962 ioue
852 3897 980 3962 Graecis
1002 3899 1079 3963 desit
1095 3918 1189 3979 qaam
1211 3898 1298 3961 uobis

157 3981 213 4069 (de
233 4022 290 4084 qua
313 4024 348 4067 re
372 4002 499 4067 dixerat
522 4027 551 4086 p.
571 4004 657 4068 2462
672 4026 719 4087 sq.
743 4003 778 4067 P.
800 4006 839 4068 ll
856 4026 902 4089 sq.
926 4002 986 4088 6.),
1009 4005 1055 4067 ile
1077 4005 1157 4068 iuter
1178 4026 1201 4067 n
1223 4026 1297 4085 quo·

165 4114 217 4180 dle
235 4113 260 4170 ct
280 4129 302 4193 g
324 4111 428 4174 ‹lccssc
465 4130 559 4192 licque
580 4111 662 4174 eiiiuc
680 4111 744 4191 illi,
768 4109 908 4186 ἄγγελον
926 4115 954 4173 ct
972 4109 1114 4190 ἀγκάλην
1132 4116 1160 4175 cl
1179 4112 1298 4176 siculis

169 4200 225 4273 sile
241 4235 296 4294 prr
318 4237 337 4280 ν
363 4217 430 4281 siue
451 4238 509 4299 per
531 4239 551 4293 γ
573 4217 764 4298 scripserint,
797 4216 980 4280 alternae-ru
1006 4218 1040 4281 iu
1062 4219 1297 4301 pronuntiando

174 4310 287 4385 litteram
309 4325 497 4404 exprimunt,
520 4345 574 4388 ricc
595 4345 663 4407 uua,
685 4344 780 4406 siquo
804 4325 900 4387 illotas
918 4343 1004 4387 riores
1025 4325 1090 4388 siue
1106 4346 1164 4407 per
1187 4348 1208 4389 u
1231 4329 1297 4392 siue

172 4442 215 4511 ptr
232 4449 252 4511 g
272 4431 450 4513 sorbicium,
470 4433 596 4512 proprie
622 4437 679 4495 iud
700 4455 721 4495 n
749 4431 952 4512 eapuiuiauus
981 4433 1016 4495 iu
1043 4433 1168 4497 diceudo
1196 4438 1252 4497 aut
1274 4453 1296 4516 g

213 4551 249 4587 ru.
263 4530 411 4591 miserim
430 4555 563 4589 orrsuvux
582 4557 618 4591 rx.
1059 4541 1092 4589 10
