3080 5142
483 405 761 454 555555555555
784 407 827 452 rv.
1169 390 1234 454 555

108 551 228 632 dumque
256 545 366 614 tol.
390 585 433 594 -
457 547 606 612 Titulum
629 547 661 614 G
684 547 875 613 Garruocius
903 550 989 612 recte
1012 549 1077 632 legi
1098 545 1234 614 t-MA-

108 654 241 722 illel-n
264 659 377 739 negat,
400 655 491 720 iubet
511 651 796 720 5·ΜΔΜΙ5Ι·Μ;
820 655 871 720 551
894 639 1025 720 lectioni
1050 658 1162 738 aperte
1185 677 1234 719 rc-

108 766 237 848 pugnant
262 783 344 847 quas
373 761 532 846 pristinae
563 762 741 846 scripturae
774 762 927 848 reliquias
954 761 1069 828 charta
1098 783 1234 846 eamque

108 874 203 934 secuta
228 868 341 934 tabula
368 871 559 933 monstrant.
610 868 649 932 In
677 869 741 932 fine
764 866 934 933 Henzenus
958 867 985 932 F
1008 868 1113 952 addit,
1142 869 1233 934 cuius
1248 895 1304 936 xv1

107 975 134 1038 in
153 979 259 1060 ectypo
282 979 369 1041 certe
392 975 519 1039 nullum
542 975 726 1060 vestigium.
748 1011 786 1022 —
812 974 1123 1060 15555555551555
1146 975 1233 1059 quod

108 1081 134 1146 in
152 1079 179 1146 J
198 1081 281 1146 idem
304 1075 444 1146 ΤΑΠΙΟ
473 1080 622 1146 exhibuit
649 1103 708 1165 pro
732 1102 769 1145 eo
795 1081 880 1166 quod
910 1103 979 1146 esse
1008 1076 1150 1148 Tamo
1180 1080 1232 1145 de·

107 1179 197 1252 55555
223 1224 265 1234 -
294 1185 447 1252 Ceterum
475 1210 541 1252 uno
563 1187 662 1252 verbo
687 1209 975 1254 commemoramus
1004 1193 1154 1254 octavum
1180 1187 1233 1252 bis

108 1291 219 1358 tilulum
243 1294 284 1358 ab
303 1292 457 1359 chzeno
481 1293 641 1378 additum,
670 1294 761 1359 cuius
783 1298 933 1380 ectypum
958 1295 999 1360 ad
1023 1317 1084 1360 nos
1109 1295 1233 1360 nullum

108 1399 236 1482 pervenit
260 1399 410 1486 [Ephem.
434 1401 533 1487 epigr.
556 1400 573 1464 Ι
595 1424 626 1486 p.
646 1402 690 1466 30
712 1424 742 1466 5.
765 1403 856 1483 1225

445 1532 874 1600 VATRONIVS

107 1665 228 1749 itemque
261 1672 416 1750 quattuor
447 1665 715 1732 Mommsenianis
747 1667 812 1732 iam
841 1667 876 1731 in
904 1665 985 1733 (1.1.
1009 1667 1045 1733 L.
1071 1670 1087 1734 Ι
1114 1693 1144 1754 p.
1168 1669 1233 1734 555

108 1773 222 1838 51501
242 1775 331 1839 o-ri
351 1776 491 1859 receptis
514 1775 661 1860 quintum
685 1774 831 1839 iunctum
856 1774 951 1856 [lbid.
973 1797 1004 1858 p.
1027 1777 1066 1839 11
1090 1797 1122 1840 5.
1141 1775 1197 1856 29]

449 1894 831 1972 't·AN1010

108 2035 165 2112 Quo
189 2039 306 2126 aliquid
335 2039 573 2124 discrepantiae
601 2039 723 2104 5555515
750 2040 786 2103 15
814 2039 886 2124 ipso
917 2039 1055 2121 15015,
1091 2038 1146 2103 ubi
1173 2059 1233 2122 pro

108 2141 279 2209 tnlffltlo
303 2143 472 2209 Henzenus
497 2145 629 2211 exhibet
648 2141 851 2231 canutio,
874 2148 952 2211 item
976 2147 1010 2210 in
1031 2145 1153 2230 15015,
1176 2143 1233 2208 551

82 2303 83 2306 ,
109 2247 175 2313 idem
198 2246 271 2314 lvi*
293 2273 352 2336 pro
378 2247 439 2315 lF:
463 2251 571 2315 verius
595 2249 682 2316 haud
706 2250 802 2314 dubie
826 2253 1006 2336 utrumque.

554 2465 766 2473 ψ...-

177 2603 229 2670 Ad
251 2604 425 2670 tabulam
448 2604 485 2670 II
505 2605 612 2688 [XVI]
637 2605 882 2690 regrediendum
907 2609 956 2671 cst
978 2606 1088 2698 ibique
1107 2627 1233 2690 reprae·

106 2713 248 2776 sectatam
268 2710 366 2777 subO
384 2712 572 2796 patellam
590 2711 627 2777 L.
642 2713 773 2796 Atilii,
791 2712 876 2778 5555
889 2715 927 2776 55
945 2713 1096 2778 iteratam
1111 2735 1182 2777 5555
1198 2713 1232 2778 15

107 2813 246 2882 65555551
270 2818 350 2888 diar.
369 2818 529 2885 archaeol.
553 2819 687 2884 51863
711 2819 777 2884 tab.
797 2816 946 2902 CLXIII,
966 2819 986 2883 3
1010 2839 1233 2904 memoremus,

107 2927 272 2990 enarratam
300 2929 409 2990 autem
432 2927 547 2991 n.169
570 2949 600 3010 p.
622 2926 681 2990 13*
696 2947 765 3010 sqq.
793 2929 826 2989 et
848 2926 964 3010 5112
987 2948 1017 3008 p.
1038 2925 1098 2989 71*
1118 2947 1186 3010 sqq.
1213 2949 1233 2991 a

93 3026 291 3115 5551515555,
319 3034 489 3116 praeterea
511 3053 530 3096 a
552 3029 756 3098 Mommseno
783 3032 998 3116 disceptatam
1021 3054 1051 3115 p.
1072 3032 1132 3096 Il*
1151 3055 1233 3118 sqq.:

106 3156 157 3218 quo
178 3139 298 3204 accedit
320 3138 427 3204 brevis
451 3138 490 3203 de
509 3139 617 3204 cancri
641 3161 802 3224 ranaeque
826 3139 860 3204 in
884 3143 954 3204 arte
977 3142 1120 3204 veterum
1145 3140 1178 3204 vi
1201 3146 1234 3205 et

105 3262 154 3306 usu
178 3243 352 3328 disputatio
380 3244 525 3329 Adelphi
549 3245 717 3312 Michaelis
747 3246 825 3311 ibid.
848 3247 963 3311 5113
987 3269 1017 3330 p.
1035 3247 1078 3312 43
1097 3269 1144 3332 55.
1188 3249 1234 3314 Et

106 3344 293 3416 Dctlcfscnus
321 3351 452 3437 quidem
480 3373 553 3416 cum
581 3351 644 3417 duo
665 3351 782 3416 fictilia
804 3352 951 3416 lilterata
980 3351 1044 3417 5115
1067 3374 1139 3417 cum
1161 3354 1232 3419 Ati·

104 3449 177 3519 liano
201 3459 448 3542 composuisset:
471 3479 609 3542 quorum
632 3457 770 3522 alterurn
794 3458 1000 3523 decantatum
1023 3457 1103 3522 illud
1118 3457 1232 3524 Caere-

105 3561 201 3626 tanum
215 3567 265 3628 est
278 3561 413 3628 Caleni
428 3561 589 3628 Ganolei
608 3561 657 3647 (P.
673 3562 708 3629 L.
724 3561 768 3627 M.
781 3563 819 3630 E.
838 3565 903 3630 555.
918 3563 988 3628 XJ
998 3568 1031 3628 55
1044 3563 1183 3631 XXXVI
1195 3565 1232 3652 05

105 3659 131 3727 0.
143 3665 165 3730 1.
178 3667 211 3731 L.
228 3667 245 3731 I
262 3691 293 3733 n.
308 3668 375 3754 53),
399 3669 484 3753 quod
509 3669 603 3733 aliter
627 3673 724 3753 55555
748 3669 852 3734 adhuc
874 3669 997 3734 factum
1018 3672 1231 3755 supplendum

105 3787 162 3834 csse
183 3773 244 3839 eibi
264 3775 440 3858 persuasit:
469 3776 608 3840 alterurn
632 3775 766 3841 (1511555
789 3780 967 3859 repertum,
989 3797 1075 3841 5555
1098 3777 1231 3842 Parisiis

105 3881 263 3960 ramatum,
286 3881 338 3946 his
362 3885 470 3946 autem
493 3881 678 3946 nominibus
701 3882 891 3965 inscriptum

227 4019 1094 4090 0·GoBIN10...T·N·cAL11N0

107 4171 227 4258 (editum
250 4182 315 4247 iarn
337 4185 371 4248 in
394 4183 590 4250 Mommseni
612 4183 693 4249 1.B.
711 4182 753 4248 Ν.
775 4207 806 4270 p.
825 4184 890 4249 356
914 4206 943 4250 5.
962 4186 1006 4249 24
1031 4183 1126 4267 [aph.
1146 4185 1230 4268 sp.I

107 4302 130 4361 p.
144 4285 179 4349 10
200 4308 231 4352 n.
249 4289 291 4371 9]‚
320 4291 359 4355 ad
383 4312 495 4355 verum
518 4293 798 4374 repraesentatum
820 4290 854 4354 15
877 4291 990 4356 555515
1009 4290 1232 4356 Gerhardiana

108 4389 155 4454 sub
171 4391 214 4478 4),
236 4398 320 4480 quod
342 4396 543 4480 temporibus
567 4397 752 4461 1155555551
771 4397 918 4481 publicae
938 4396 1066 4461 tribuit:
1090 4397 1128 4462 de
1144 4402 1230 4464 utro·

109 4513 158 4576 555
170 4495 341 4569 Detlefseni
363 4504 558 4570 sententiam
581 4505 629 4568 ita
642 4502 863 4604 5155555555
885 4504 1091 4592 impugnavit
1113 4507 1150 4568 nt
1172 4527 1231 4572 nos
