<?xml version="1.0" encoding="UTF-8"?>
<!DOCTYPE html PUBLIC "-//W3C//DTD XHTML 1.0 Transitional//EN"
    "http://www.w3.org/TR/xhtml1/DTD/xhtml1-transitional.dtd">
<html xmlns="http://www.w3.org/1999/xhtml" xml:lang="en" lang="en">
 <head>
  <title>
</title>
<meta http-equiv="Content-Type" content="text/html;charset=utf-8" />
  <meta name='ocr-system' content='tesseract 3.04.00' />
  <meta name='ocr-capabilities' content='ocr_page ocr_carea ocr_par ocr_line ocrx_word'/>
</head>
<body>
  <div class='ocr_page' id='page_1' title='image "./fridericiritsch03wachgoog/fridericiritsch03wachgoog_0107.png"; bbox 0 0 3048 5144; ppageno 0'>
   <div class='ocr_carea' id='block_1_1' title="bbox 738 1159 916 1240">
    <p class='ocr_par' dir='ltr' id='par_1_1' title="bbox 738 1159 916 1240">
     <span class='ocr_line' id='line_1_1' title="bbox 738 1159 916 1240; baseline -0.011 0"><span class='ocrx_word' id='word_1_1' title='bbox 738 1183 739 1186; x_wconf 64' lang='lat'>‘</span> <span class='ocrx_word' id='word_1_2' title='bbox 843 1159 916 1240; x_wconf 90' lang='lat' dir='ltr'>lV.</span> 
     </span>
    </p>
   </div>
   <div class='ocr_carea' id='block_1_2' title="bbox 596 1311 1158 1542">
    <p class='ocr_par' dir='ltr' id='par_1_2' title="bbox 596 1311 1158 1542">
     <span class='ocr_line' id='line_1_2' title="bbox 596 1311 1158 1400; baseline 0.012 -8"><span class='ocrx_word' id='word_1_3' title='bbox 596 1311 781 1394; x_wconf 80' lang='lat' dir='ltr'>Titulus</span> <span class='ocrx_word' id='word_1_4' title='bbox 815 1311 1158 1400; x_wconf 65' lang='lat' dir='ltr'>Mamurrarum)</span> 
     </span>
     <span class='ocr_line' id='line_1_3' title="bbox 652 1471 1110 1542; baseline 0 -16"><span class='ocrx_word' id='word_1_5' title='bbox 652 1473 727 1540; x_wconf 88' lang='lat' dir='ltr'>(eum</span> <span class='ocrx_word' id='word_1_6' title='bbox 746 1471 845 1527; x_wconf 81' lang='lat' dir='ltr'>tabula</span> <span class='ocrx_word' id='word_1_7' title='bbox 862 1471 1110 1542; x_wconf 80' lang='lat' dir='ltr'>lithographa**)).</span> 
     </span>
    </p>
   </div>
   <div class='ocr_carea' id='block_1_3' title="bbox 275 1760 1460 3660">
    <p class='ocr_par' dir='ltr' id='par_1_3' title="bbox 275 1760 1460 3660">
     <span class='ocr_line' id='line_1_4' title="bbox 275 1760 1459 1844; baseline 0.003 -24"><span class='ocrx_word' id='word_1_8' title='bbox 275 1780 288 1820; x_wconf 95' lang='lat'>1</span> <span class='ocrx_word' id='word_1_9' title='bbox 393 1760 495 1838; x_wconf 82' lang='lat' dir='ltr'>Quem</span> <span class='ocrx_word' id='word_1_10' title='bbox 519 1761 610 1826; x_wconf 86' lang='lat' dir='ltr'>vobis</span> <span class='ocrx_word' id='word_1_11' title='bbox 634 1760 764 1825; x_wconf 90' lang='lat' dir='ltr'>titulum</span> <span class='ocrx_word' id='word_1_12' title='bbox 789 1761 909 1825; x_wconf 82' lang='lat' dir='ltr'>saeculi</span> <span class='ocrx_word' id='word_1_13' title='bbox 934 1760 1064 1844; x_wconf 75' lang='lat' dir='ltr'>septimi</span> <span class='ocrx_word' id='word_1_14' title='bbox 1087 1760 1231 1825; x_wconf 84' lang='lat' dir='ltr'>ineuntis</span> <span class='ocrx_word' id='word_1_15' title='bbox 1256 1761 1308 1824; x_wconf 86' lang='lat' dir='ltr'>sat</span> <span class='ocrx_word' id='word_1_16' title='bbox 1331 1781 1459 1824; x_wconf 89' lang='lat' dir='ltr'>memo-</span> 
     </span>
     <span class='ocr_line' id='line_1_5' title="bbox 305 1865 1460 1950; baseline -0.001 -19"><span class='ocrx_word' id='word_1_17' title='bbox 305 1867 442 1932; x_wconf 80' lang='lat' dir='ltr'><strong>rabilem</strong></span> <span class='ocrx_word' id='word_1_18' title='bbox 461 1867 680 1950; x_wconf 81' lang='lat' dir='ltr'>proponimus,</span> <span class='ocrx_word' id='word_1_19' title='bbox 699 1871 813 1950; x_wconf 90' lang='lat' dir='ltr'>ectypo</span> <span class='ocrx_word' id='word_1_20' title='bbox 833 1866 1003 1932; x_wconf 85' lang='lat' dir='ltr'>chartaceo</span> <span class='ocrx_word' id='word_1_21' title='bbox 1018 1866 1068 1931; x_wconf 87' lang='lat' dir='ltr'>usi</span> <span class='ocrx_word' id='word_1_22' title='bbox 1088 1865 1310 1932; x_wconf 78' lang='lat' dir='ltr'>eTflnonom</span> <span class='ocrx_word' id='word_1_23' title='bbox 1325 1865 1460 1933; x_wconf 74' lang='lat' dir='ltr'>Moum-</span> 
     </span>
     <span class='ocr_line' id='line_1_6' title="bbox 304 1972 1460 2058; baseline -0.003 -19"><span class='ocrx_word' id='word_1_24' title='bbox 304 1993 380 2040; x_wconf 78' lang='lat' dir='ltr'>snm</span> <span class='ocrx_word' id='word_1_25' title='bbox 413 1997 498 2058; x_wconf 91' lang='lat' dir='ltr'>penu</span> <span class='ocrx_word' id='word_1_26' title='bbox 531 1972 710 2036; x_wconf 79' lang='lat' dir='ltr'>liberaliter</span> <span class='ocrx_word' id='word_1_27' title='bbox 739 1973 907 2039; x_wconf 81' lang='lat' dir='ltr'>nobiscum</span> <span class='ocrx_word' id='word_1_28' title='bbox 938 1974 1189 2058; x_wconf 69' lang='lat' dir='ltr'>communicato,</span> <span class='ocrx_word' id='word_1_29' title='bbox 1222 1995 1294 2038; x_wconf 89' lang='lat' dir='ltr'>eum</span> <span class='ocrx_word' id='word_1_30' title='bbox 1327 1973 1460 2058; x_wconf 91' lang='lat' dir='ltr'>primus</span> 
     </span>
     <span class='ocr_line' id='line_1_7' title="bbox 304 2076 1458 2145; baseline -0.001 0"><span class='ocrx_word' id='word_1_31' title='bbox 304 2080 506 2145; x_wconf 78' lang='lat' dir='ltr'>Carauanvs</span> <span class='ocrx_word' id='word_1_32' title='bbox 530 2076 706 2143; x_wconf 75' lang='lat' dir='ltr'>Mummvs</span> <span class='ocrx_word' id='word_1_33' title='bbox 733 2079 835 2143; x_wconf 77' lang='lat' dir='ltr'>edidit</span> <span class='ocrx_word' id='word_1_34' title='bbox 862 2080 896 2143; x_wconf 89' lang='lat' dir='ltr'>in</span> <span class='ocrx_word' id='word_1_35' title='bbox 920 2079 1012 2144; x_wconf 82' lang='lat' dir='ltr'>Actis</span> <span class='ocrx_word' id='word_1_36' title='bbox 1039 2079 1177 2144; x_wconf 82' lang='lat' dir='ltr'><strong>fratrum</strong></span> <span class='ocrx_word' id='word_1_37' title='bbox 1203 2081 1375 2144; x_wconf 82' lang='lat' dir='ltr'>Arvalium</span> <span class='ocrx_word' id='word_1_38' title='bbox 1399 2079 1458 2144; x_wconf 82' lang='lat' dir='ltr'>ul</span> 
     </span>
     <span class='ocr_line' id='line_1_8' title="bbox 303 2183 1458 2272; baseline 0.001 -21"><span class='ocrx_word' id='word_1_39' title='bbox 303 2211 333 2272; x_wconf 90' lang='lat' dir='ltr'>p.</span> <span class='ocrx_word' id='word_1_40' title='bbox 352 2187 404 2268; x_wconf 85' lang='lat'>30,</span> <span class='ocrx_word' id='word_1_41' title='bbox 428 2186 625 2270; x_wconf 83' lang='lat' dir='ltr'>exscriptum</span> <span class='ocrx_word' id='word_1_42' title='bbox 651 2209 670 2249; x_wconf 85' lang='lat' dir='ltr'>a</span> <span class='ocrx_word' id='word_1_43' title='bbox 693 2207 727 2250; x_wconf 87' lang='lat' dir='ltr'>se</span> <span class='ocrx_word' id='word_1_44' title='bbox 750 2187 782 2248; x_wconf 90' lang='lat' dir='ltr'>in</span> <span class='ocrx_word' id='word_1_45' title='bbox 801 2183 985 2270; x_wconf 79' lang='lat' dir='ltr'>Campanae</span> <span class='ocrx_word' id='word_1_46' title='bbox 1008 2185 1104 2251; x_wconf 90' lang='lat' dir='ltr'>horto</span> <span class='ocrx_word' id='word_1_47' title='bbox 1128 2186 1169 2250; x_wconf 88' lang='lat' dir='ltr'>ad</span> <span class='ocrx_word' id='word_1_48' title='bbox 1187 2185 1399 2270; x_wconf 79' lang='lat' dir='ltr'>Lateranum,</span> <span class='ocrx_word' id='word_1_49' title='bbox 1423 2189 1458 2251; x_wconf 89' lang='lat' dir='ltr'>iu</span> 
     </span>
     <span class='ocr_line' id='line_1_9' title="bbox 302 2293 1458 2378; baseline -0.002 -20"><span class='ocrx_word' id='word_1_50' title='bbox 302 2294 393 2358; x_wconf 88' lang='lat' dir='ltr'>cuius</span> <span class='ocrx_word' id='word_1_51' title='bbox 416 2293 536 2358; x_wconf 82' lang='lat' dir='ltr'>vicinia</span> <span class='ocrx_word' id='word_1_52' title='bbox 560 2293 628 2376; x_wconf 83' lang='lat' dir='ltr'>ipse</span> <span class='ocrx_word' id='word_1_53' title='bbox 651 2293 735 2376; x_wconf 86' lang='lat' dir='ltr'>lapis</span> <span class='ocrx_word' id='word_1_54' title='bbox 764 2293 899 2359; x_wconf 85' lang='lat' dir='ltr'>effossus</span> <span class='ocrx_word' id='word_1_55' title='bbox 923 2297 1006 2358; x_wconf 87' lang='lat' dir='ltr'>erat:</span> <span class='ocrx_word' id='word_1_56' title='bbox 1036 2294 1090 2378; x_wconf 89' lang='lat' dir='ltr'>qui</span> <span class='ocrx_word' id='word_1_57' title='bbox 1113 2315 1199 2358; x_wconf 90' lang='lat' dir='ltr'>nunc</span> <span class='ocrx_word' id='word_1_58' title='bbox 1221 2295 1317 2358; x_wconf 86' lang='lat' dir='ltr'>ornat</span> <span class='ocrx_word' id='word_1_59' title='bbox 1341 2295 1458 2378; x_wconf 85' lang='lat' dir='ltr'>copias</span> 
     </span>
     <span class='ocr_line' id='line_1_10' title="bbox 303 2399 1459 2488; baseline 0.001 -24"><span class='ocrx_word' id='word_1_60' title='bbox 303 2399 490 2466; x_wconf 84' lang='lat' dir='ltr'>Vaticanae.</span> <span class='ocrx_word' id='word_1_61' title='bbox 525 2399 614 2464; x_wconf 90' lang='lat' dir='ltr'>Idem</span> <span class='ocrx_word' id='word_1_62' title='bbox 640 2400 704 2464; x_wconf 85' lang='lat' dir='ltr'>ium</span> <span class='ocrx_word' id='word_1_63' title='bbox 728 2399 887 2465; x_wconf 87' lang='lat' dir='ltr'>Marinius</span> <span class='ocrx_word' id='word_1_64' title='bbox 911 2401 949 2464; x_wconf 91' lang='lat' dir='ltr'>de</span> <span class='ocrx_word' id='word_1_65' title='bbox 974 2399 1134 2466; x_wconf 84' lang='lat' dir='ltr'>Saturniis</span> <span class='ocrx_word' id='word_1_66' title='bbox 1159 2400 1304 2465; x_wconf 84' lang='lat' dir='ltr'>versibus</span> <span class='ocrx_word' id='word_1_67' title='bbox 1329 2403 1459 2488; x_wconf 83' lang='lat' dir='ltr'>cogita-</span> 
     </span>
     <span class='ocr_line' id='line_1_11' title="bbox 302 2503 1458 2592; baseline -0.001 -20"><span class='ocrx_word' id='word_1_68' title='bbox 302 2509 369 2592; x_wconf 85' lang='lat' dir='ltr'>bat,</span> <span class='ocrx_word' id='word_1_69' title='bbox 392 2506 556 2590; x_wconf 85' lang='lat' dir='ltr'>profectus</span> <span class='ocrx_word' id='word_1_70' title='bbox 572 2506 613 2570; x_wconf 90' lang='lat' dir='ltr'>ab</span> <span class='ocrx_word' id='word_1_71' title='bbox 629 2505 721 2569; x_wconf 84' lang='lat' dir='ltr'>Atilii</span> <span class='ocrx_word' id='word_1_72' title='bbox 735 2503 962 2570; x_wconf 84' lang='lat' dir='ltr'>Fortunatiani</span> <span class='ocrx_word' id='word_1_73' title='bbox 980 2506 1169 2572; x_wconf 87' lang='lat' dir='ltr'>testimonio</span> <span class='ocrx_word' id='word_1_74' title='bbox 1189 2530 1220 2591; x_wconf 91' lang='lat' dir='ltr'>p.</span> <span class='ocrx_word' id='word_1_75' title='bbox 1234 2507 1323 2572; x_wconf 79' lang='lat'>2680</span> <span class='ocrx_word' id='word_1_76' title='bbox 1337 2507 1375 2573; x_wconf 91' lang='grc' dir='ltr'>Ρ.</span> <span class='ocrx_word' id='word_1_77' title='bbox 1389 2509 1458 2573; x_wconf 78' lang='grc'>324</span> 
     </span>
     <span class='ocr_line' id='line_1_12' title="bbox 303 2613 1457 2697; baseline 0.001 -19"><span class='ocrx_word' id='word_1_78' title='bbox 303 2613 406 2678; x_wconf 81' lang='lat' dir='ltr'>Gaius.</span> <span class='ocrx_word' id='word_1_79' title='bbox 433 2615 518 2695; x_wconf 78' lang='lat' dir='ltr'>apud</span> <span class='ocrx_word' id='word_1_80' title='bbox 539 2618 659 2678; x_wconf 82' lang='lat' dir='ltr'>nostros</span> <span class='ocrx_word' id='word_1_81' title='bbox 681 2617 783 2676; x_wconf 60' lang='lat' dir='ltr'>airam</span> <span class='ocrx_word' id='word_1_82' title='bbox 805 2613 840 2676; x_wconf 83' lang='lat' dir='ltr'>in</span> <span class='ocrx_word' id='word_1_83' title='bbox 863 2614 976 2678; x_wconf 71' lang='lat' dir='ltr'>{abrilis</span> <span class='ocrx_word' id='word_1_84' title='bbox 998 2614 1149 2695; x_wconf 78' lang='lat' dir='ltr'>antiquis,</span> <span class='ocrx_word' id='word_1_85' title='bbox 1177 2633 1255 2694; x_wconf 75' lang='lat' dir='ltr'>qaas</span> <span class='ocrx_word' id='word_1_86' title='bbox 1278 2615 1457 2697; x_wconf 82' lang='lat' dir='ltr'>triumpha-</span> 
     </span>
     <span class='ocr_line' id='line_1_13' title="bbox 302 2719 1456 2802; baseline 0 -16"><span class='ocrx_word' id='word_1_87' title='bbox 302 2723 367 2786; x_wconf 78' lang='lat' dir='ltr'>tam&#39;</span> <span class='ocrx_word' id='word_1_88' title='bbox 389 2722 477 2786; x_wconf 84' lang='lat' dir='ltr'>daces</span> <span class='ocrx_word' id='word_1_89' title='bbox 500 2723 534 2784; x_wconf 83' lang='lat' dir='ltr'>in</span> <span class='ocrx_word' id='word_1_90' title='bbox 553 2719 707 2801; x_wconf 82' lang='lat' dir='ltr'>Capitolio</span> <span class='ocrx_word' id='word_1_91' title='bbox 729 2719 862 2801; x_wconf 59' lang='lat' dir='ltr'>figebant</span> <span class='ocrx_word' id='word_1_92' title='bbox 883 2721 1083 2802; x_wconf 82' lang='lat' dir='ltr'>victoriaeque</span> <span class='ocrx_word' id='word_1_93' title='bbox 1104 2741 1179 2784; x_wconf 84' lang='lat' dir='ltr'>suae</span> <span class='ocrx_word' id='word_1_94' title='bbox 1197 2721 1322 2785; x_wconf 81' lang='lat' dir='ltr'>titolum</span> <span class='ocrx_word' id='word_1_95' title='bbox 1341 2721 1456 2786; x_wconf 83' lang='lat' dir='ltr'>Satar-</span> 
     </span>
     <span class='ocr_line' id='line_1_14' title="bbox 302 2825 1457 2911; baseline -0.001 -18"><span class='ocrx_word' id='word_1_96' title='bbox 302 2829 365 2894; x_wconf 77' lang='lat' dir='ltr'>m&#39;ie</span> <span class='ocrx_word' id='word_1_97' title='bbox 387 2827 522 2892; x_wconf 82' lang='lat' dir='ltr'>versibus</span> <span class='ocrx_word' id='word_1_98' title='bbox 539 2825 803 2908; x_wconf 75' lang='lat' dir='ltr'>prosequebantur</span> <span class='ocrx_word' id='word_1_99' title='bbox 825 2877 832 2890; x_wconf 89' lang='lat'>.</span> <span class='ocrx_word' id='word_1_100' title='bbox 852 2877 858 2892; x_wconf 90' lang='lat'><strong>.</strong></span> <span class='ocrx_word' id='word_1_101' title='bbox 879 2877 885 2890; x_wconf 92' lang='lat'>.</span> <span class='ocrx_word' id='word_1_102' title='bbox 906 2878 926 2911; x_wconf 87' lang='lat'>.,</span> <span class='ocrx_word' id='word_1_103' title='bbox 949 2827 1078 2911; x_wconf 88' lang='lat' dir='ltr'>quicum</span> <span class='ocrx_word' id='word_1_104' title='bbox 1102 2827 1292 2892; x_wconf 86' lang='lat' dir='ltr'>conferebat</span> <span class='ocrx_word' id='word_1_105' title='bbox 1313 2825 1457 2894; x_wconf 79' lang='lat' dir='ltr'>Liviana</span> 
     </span>
     <span class='ocr_line' id='line_1_15' title="bbox 303 2931 1458 3018; baseline 0.002 -21"><span class='ocrx_word' id='word_1_106' title='bbox 303 2932 452 3016; x_wconf 85' lang='lat' dir='ltr'>exempla</span> <span class='ocrx_word' id='word_1_107' title='bbox 475 2932 515 2995; x_wconf 90' lang='lat' dir='ltr'>ad</span> <span class='ocrx_word' id='word_1_108' title='bbox 539 2931 691 2996; x_wconf 87' lang='lat' dir='ltr'>Vaticani</span> <span class='ocrx_word' id='word_1_109' title='bbox 715 2931 833 3015; x_wconf 82' lang='lat' dir='ltr'>lapidis</span> <span class='ocrx_word' id='word_1_110' title='bbox 861 2933 1104 2998; x_wconf 86' lang='lat' dir='ltr'>similitudinem</span> <span class='ocrx_word' id='word_1_111' title='bbox 1132 2955 1233 3018; x_wconf 86' lang='lat' dir='ltr'>prope</span> <span class='ocrx_word' id='word_1_112' title='bbox 1265 2935 1458 2999; x_wconf 84' lang='lat' dir='ltr'>accedentia</span> 
     </span>
     <span class='ocr_line' id='line_1_16' title="bbox 302 3037 1457 3124; baseline 0.003 -22"><span class='ocrx_word' id='word_1_113' title='bbox 302 3041 323 3103; x_wconf 93' lang='lat' dir='ltr'>l.</span> <span class='ocrx_word' id='word_1_114' title='bbox 348 3038 421 3102; x_wconf 89' lang='lat' dir='ltr'>XLI</span> <span class='ocrx_word' id='word_1_115' title='bbox 449 3061 474 3102; x_wconf 89' lang='lat' dir='ltr'>c.</span> <span class='ocrx_word' id='word_1_116' title='bbox 499 3039 541 3104; x_wconf 79' lang='lat'>28</span> <span class='ocrx_word' id='word_1_117' title='bbox 576 3039 623 3102; x_wconf 83' lang='lat' dir='ltr'>Ti.</span> <span class='ocrx_word' id='word_1_118' title='bbox 653 3037 816 3120; x_wconf 78' lang='lat' dir='ltr'>Semproni</span> <span class='ocrx_word' id='word_1_119' title='bbox 843 3037 977 3104; x_wconf 76' lang='lat' dir='ltr'>Gracchi</span> <span class='ocrx_word' id='word_1_120' title='bbox 1007 3061 1063 3106; x_wconf 85' lang='lat' dir='ltr'>cos.</span> <span class='ocrx_word' id='word_1_121' title='bbox 1096 3041 1224 3121; x_wconf 84' lang='lat' dir='ltr'>imperio</span> <span class='ocrx_word' id='word_1_122' title='bbox 1256 3043 1457 3124; x_wconf 62' lang='lat' dir='ltr'>auspiciaque</span> 
     </span>
     <span class='ocr_line' id='line_1_17' title="bbox 302 3146 1456 3230; baseline 0 -18"><span class='ocrx_word' id='word_1_123' title='bbox 302 3197 465 3212; x_wconf 93' lang='grc'><strong>......</strong></span> <span class='ocrx_word' id='word_1_124' title='bbox 493 3146 689 3229; x_wconf 83' lang='lat' dir='ltr'>triumplmas</span> <span class='ocrx_word' id='word_1_125' title='bbox 720 3147 754 3210; x_wconf 84' lang='lat' dir='ltr'>ia</span> <span class='ocrx_word' id='word_1_126' title='bbox 781 3147 886 3210; x_wconf 80' lang='lat' dir='ltr'>arbem</span> <span class='ocrx_word' id='word_1_127' title='bbox 913 3147 1047 3211; x_wconf 84' lang='lat' dir='ltr'>Romam</span> <span class='ocrx_word' id='word_1_128' title='bbox 1076 3149 1174 3212; x_wconf 79' lang='lat' dir='ltr'>rediit.</span> <span class='ocrx_word' id='word_1_129' title='bbox 1216 3149 1282 3211; x_wconf 74' lang='lat' dir='ltr'>aiem</span> <span class='ocrx_word' id='word_1_130' title='bbox 1308 3149 1357 3211; x_wconf 84' lang='lat' dir='ltr'>rei</span> <span class='ocrx_word' id='word_1_131' title='bbox 1384 3169 1456 3230; x_wconf 73' lang='lat' dir='ltr'>erac</span> 
     </span>
     <span class='ocr_line' id='line_1_18' title="bbox 301 3251 1456 3338; baseline 0.001 -20"><span class='ocrx_word' id='word_1_132' title='bbox 301 3253 541 3319; x_wconf 67' lang='lat' dir='ltr'>macuculam</span> <span class='ocrx_word' id='word_1_133' title='bbox 568 3255 685 3318; x_wconf 80' lang='lat' dir='ltr'>donam</span> <span class='ocrx_word' id='word_1_134' title='bbox 707 3253 780 3317; x_wconf 81' lang='lat' dir='ltr'>Ioui</span> <span class='ocrx_word' id='word_1_135' title='bbox 807 3255 889 3318; x_wconf 82' lang='lat' dir='ltr'>dedii</span> <span class='ocrx_word' id='word_1_136' title='bbox 925 3259 958 3316; x_wconf 91' lang='lat' dir='ltr'>et</span> <span class='ocrx_word' id='word_1_137' title='bbox 985 3253 1005 3318; x_wconf 89' lang='lat' dir='ltr'>l.</span> <span class='ocrx_word' id='word_1_138' title='bbox 1024 3251 1080 3316; x_wconf 85' lang='lat' dir='ltr'>XL</span> <span class='ocrx_word' id='word_1_139' title='bbox 1103 3277 1129 3317; x_wconf 89' lang='lat' dir='ltr'>c.</span> <span class='ocrx_word' id='word_1_140' title='bbox 1148 3254 1191 3317; x_wconf 83' lang='lat'>52</span> <span class='ocrx_word' id='word_1_141' title='bbox 1221 3304 1227 3318; x_wconf 93' lang='lat'>.</span> <span class='ocrx_word' id='word_1_142' title='bbox 1251 3305 1258 3318; x_wconf 89' lang='lat'><strong>.</strong></span> <span class='ocrx_word' id='word_1_143' title='bbox 1282 3305 1289 3318; x_wconf 89' lang='lat'>.</span> <span class='ocrx_word' id='word_1_144' title='bbox 1312 3257 1456 3338; x_wconf 64' lang='lat' dir='ltr'>auspicio</span> 
     </span>
     <span class='ocr_line' id='line_1_19' title="bbox 302 3361 1455 3444; baseline -0.002 -18"><span class='ocrx_word' id='word_1_145' title='bbox 302 3362 430 3444; x_wconf 80' lang='lat' dir='ltr'>imperio</span> <span class='ocrx_word' id='word_1_146' title='bbox 457 3361 602 3441; x_wconf 82' lang='lat' dir='ltr'>felicitate</span> <span class='ocrx_word' id='word_1_147' title='bbox 624 3361 774 3441; x_wconf 81' lang='lat' dir='ltr'>ductaque</span> <span class='ocrx_word' id='word_1_148' title='bbox 796 3363 862 3424; x_wconf 72' lang='lat' dir='ltr'>eiras</span> <span class='ocrx_word' id='word_1_149' title='bbox 890 3409 1053 3426; x_wconf 93' lang='grc'><strong>......</strong></span> <span class='ocrx_word' id='word_1_150' title='bbox 1081 3361 1147 3425; x_wconf 83' lang='lat' dir='ltr'>eius</span> <span class='ocrx_word' id='word_1_151' title='bbox 1172 3363 1219 3425; x_wconf 81' lang='lat' dir='ltr'>rei</span> <span class='ocrx_word' id='word_1_152' title='bbox 1246 3383 1316 3442; x_wconf 74' lang='lat' dir='ltr'>erpo</span> <span class='ocrx_word' id='word_1_153' title='bbox 1347 3364 1455 3427; x_wconf 79' lang='lat' dir='ltr'>aedera</span> 
     </span>
     <span class='ocr_line' id='line_1_20' title="bbox 303 3467 1453 3550; baseline 0.001 -18"><span class='ocrx_word' id='word_1_154' title='bbox 303 3469 439 3532; x_wconf 76' lang='lat' dir='ltr'>laribus</span> <span class='ocrx_word' id='word_1_155' title='bbox 460 3469 653 3550; x_wconf 72' lang='lat' dir='ltr'>pmmam‘ais</span> <span class='ocrx_word' id='word_1_156' title='bbox 678 3469 778 3550; x_wconf 69' lang='lat' dir='ltr'>acciit,</span> <span class='ocrx_word' id='word_1_157' title='bbox 806 3467 897 3531; x_wconf 90' lang='lat' dir='ltr'>cuius</span> <span class='ocrx_word' id='word_1_158' title='bbox 925 3467 1028 3550; x_wconf 84' lang='lat' dir='ltr'>ipsius</span> <span class='ocrx_word' id='word_1_159' title='bbox 1056 3467 1146 3531; x_wconf 90' lang='lat' dir='ltr'>tituli</span> <span class='ocrx_word' id='word_1_160' title='bbox 1174 3467 1303 3532; x_wconf 89' lang='lat' dir='ltr'>initium</span> <span class='ocrx_word' id='word_1_161' title='bbox 1331 3473 1369 3532; x_wconf 91' lang='lat' dir='ltr'>ut</span> <span class='ocrx_word' id='word_1_162' title='bbox 1396 3467 1453 3533; x_wconf 85' lang='lat' dir='ltr'>Sa-</span> 
     </span>
     <span class='ocr_line' id='line_1_21' title="bbox 301 3573 1454 3660; baseline 0 -22"><span class='ocrx_word' id='word_1_163' title='bbox 301 3574 402 3638; x_wconf 90' lang='lat' dir='ltr'>turnii</span> <span class='ocrx_word' id='word_1_164' title='bbox 431 3575 526 3638; x_wconf 89' lang='lat' dir='ltr'>metri</span> <span class='ocrx_word' id='word_1_165' title='bbox 550 3575 733 3658; x_wconf 83' lang='lat' dir='ltr'>exemplum</span> <span class='ocrx_word' id='word_1_166' title='bbox 757 3573 1011 3660; x_wconf 75' lang='lat' dir='ltr'>Fortunatianue</span> <span class='ocrx_word' id='word_1_167' title='bbox 1035 3574 1155 3657; x_wconf 84' lang='lat' dir='ltr'>posuit.</span> <span class='ocrx_word' id='word_1_168' title='bbox 1190 3573 1311 3639; x_wconf 87' lang='lat' dir='ltr'>Verum</span> <span class='ocrx_word' id='word_1_169' title='bbox 1336 3575 1454 3659; x_wconf 83' lang='lat' dir='ltr'>quales</span> 
     </span>
    </p>
   </div>
   <div class='ocr_carea' id='block_1_4' title="bbox 299 3801 1452 4587">
    <p class='ocr_par' dir='ltr' id='par_1_4' title="bbox 300 3801 1452 4412">
     <span class='ocr_line' id='line_1_22' title="bbox 389 3801 1452 3875; baseline -0.001 -17"><span class='ocrx_word' id='word_1_170' title='bbox 389 3805 414 3874; x_wconf 83' lang='lat'>*)</span> <span class='ocrx_word' id='word_1_171' title='bbox 435 3803 625 3875; x_wconf 85' lang='lat' dir='ltr'>[Prooemium</span> <span class='ocrx_word' id='word_1_172' title='bbox 653 3801 755 3856; x_wconf 84' lang='lat' dir='ltr'>Indicia</span> <span class='ocrx_word' id='word_1_173' title='bbox 783 3803 941 3857; x_wconf 78' lang='lat' dir='ltr'>scholarum</span> <span class='ocrx_word' id='word_1_174' title='bbox 968 3801 1136 3857; x_wconf 77' lang='lat' dir='ltr'>aestivarum</span> <span class='ocrx_word' id='word_1_175' title='bbox 1168 3801 1356 3856; x_wconf 82' lang='lat' dir='ltr'>Bonnenuium</span> <span class='ocrx_word' id='word_1_176' title='bbox 1385 3803 1452 3858; x_wconf 81' lang='lat' dir='ltr'>anni</span> 
     </span>
     <span class='ocr_line' id='line_1_23' title="bbox 301 3890 1451 3962; baseline -0.003 -14"><span class='ocrx_word' id='word_1_177' title='bbox 301 3893 529 3960; x_wconf 60' lang='lat' dir='ltr'>eternoacum</span> <span class='ocrx_word' id='word_1_178' title='bbox 548 3909 672 3946; x_wconf 80' lang='lat' dir='ltr'>seorsum</span> <span class='ocrx_word' id='word_1_179' title='bbox 691 3891 765 3960; x_wconf 86' lang='lat' dir='ltr'>apud</span> <span class='ocrx_word' id='word_1_180' title='bbox 785 3891 816 3946; x_wconf 82' lang='lat' dir='ltr'>G.</span> <span class='ocrx_word' id='word_1_181' title='bbox 837 3891 1055 3946; x_wconf 75' lang='lat' dir='ltr'>&#39;l&#39;rautweinium</span> <span class='ocrx_word' id='word_1_182' title='bbox 1076 3891 1110 3959; x_wconf 88' lang='lat' dir='ltr'>(l.</span> <span class='ocrx_word' id='word_1_183' title='bbox 1127 3891 1291 3961; x_wconf 79' lang='lat' dir='ltr'>Gutienteg)</span> <span class='ocrx_word' id='word_1_184' title='bbox 1310 3890 1341 3944; x_wconf 90' lang='lat' dir='ltr'>in</span> <span class='ocrx_word' id='word_1_185' title='bbox 1359 3891 1451 3962; x_wconf 88' lang='lat' dir='ltr'>publi-</span> 
     </span>
     <span class='ocr_line' id='line_1_24' title="bbox 301 3979 1452 4055; baseline -0.006 -14"><span class='ocrx_word' id='word_1_186' title='bbox 301 4005 364 4041; x_wconf 87' lang='lat' dir='ltr'>cum</span> <span class='ocrx_word' id='word_1_187' title='bbox 388 3983 493 4055; x_wconf 85' lang='lat' dir='ltr'>prodiit</span> <span class='ocrx_word' id='word_1_188' title='bbox 525 3980 566 4036; x_wconf 84' lang='lat' dir='ltr'>eic</span> <span class='ocrx_word' id='word_1_189' title='bbox 595 3979 774 4049; x_wconf 78' lang='lat' dir='ltr'>inscriptum:</span> <span class='ocrx_word' id='word_1_190' title='bbox 804 3979 930 4034; x_wconf 80' lang='lat' dir='ltr'>‘Titulus</span> <span class='ocrx_word' id='word_1_191' title='bbox 954 3980 1141 4035; x_wconf 85' lang='lat' dir='ltr'>Mummianue</span> <span class='ocrx_word' id='word_1_192' title='bbox 1171 3981 1207 4034; x_wconf 80' lang='lat' dir='ltr'>ad</span> <span class='ocrx_word' id='word_1_193' title='bbox 1235 3981 1318 4034; x_wconf 84' lang='lat' dir='ltr'>fidem</span> <span class='ocrx_word' id='word_1_194' title='bbox 1347 3981 1452 4050; x_wconf 79' lang='lat' dir='ltr'>lapidis</span> 
     </span>
     <span class='ocr_line' id='line_1_25' title="bbox 300 4067 1451 4142; baseline -0.008 -11"><span class='ocrx_word' id='word_1_195' title='bbox 300 4073 432 4130; x_wconf 83' lang='lat' dir='ltr'>Vaticani</span> <span class='ocrx_word' id='word_1_196' title='bbox 457 4072 585 4142; x_wconf 83' lang='lat' dir='ltr'>exemplo</span> <span class='ocrx_word' id='word_1_197' title='bbox 609 4067 790 4138; x_wconf 81' lang='lat' dir='ltr'>lithographo</span> <span class='ocrx_word' id='word_1_198' title='bbox 814 4087 957 4138; x_wconf 81' lang='lat' dir='ltr'>expressus</span> <span class='ocrx_word' id='word_1_199' title='bbox 980 4071 1064 4139; x_wconf 83' lang='lat' dir='ltr'>atque</span> <span class='ocrx_word' id='word_1_200' title='bbox 1089 4073 1232 4124; x_wconf 77' lang='lat' dir='ltr'>enarratur</span> <span class='ocrx_word' id='word_1_201' title='bbox 1255 4085 1321 4124; x_wconf 85' lang='lat' dir='ltr'>cura</span> <span class='ocrx_word' id='word_1_202' title='bbox 1341 4069 1371 4124; x_wconf 69' lang='lat' dir='ltr'>ll.</span> <span class='ocrx_word' id='word_1_203' title='bbox 1391 4069 1451 4124; x_wconf 80' lang='lat' dir='ltr'>Rit</span> 
     </span>
     <span class='ocr_line' id='line_1_26' title="bbox 300 4157 1451 4229; baseline -0.007 -9"><span class='ocrx_word' id='word_1_204' title='bbox 300 4165 405 4220; x_wconf 79' lang='lat' dir='ltr'>acholii.</span> <span class='ocrx_word' id='word_1_205' title='bbox 439 4163 561 4218; x_wconf 90' lang='lat' dir='ltr'>Berolini</span> <span class='ocrx_word' id='word_1_206' title='bbox 587 4160 676 4214; x_wconf 63' lang='lat'>1852)</span> <span class='ocrx_word' id='word_1_207' title='bbox 720 4157 851 4212; x_wconf 87' lang='lat' dir='ltr'>Ceterum</span> <span class='ocrx_word' id='word_1_208' title='bbox 872 4176 946 4212; x_wconf 88' lang='lat' dir='ltr'>nunc</span> <span class='ocrx_word' id='word_1_209' title='bbox 969 4157 1032 4212; x_wconf 87' lang='lat' dir='ltr'>vide</span> <span class='ocrx_word' id='word_1_210' title='bbox 1052 4157 1080 4214; x_wconf 86' lang='lat' dir='ltr'>C.</span> <span class='ocrx_word' id='word_1_211' title='bbox 1101 4159 1121 4213; x_wconf 92' lang='lat'>1.</span> <span class='ocrx_word' id='word_1_212' title='bbox 1141 4160 1172 4212; x_wconf 83' lang='lat' dir='ltr'>L.</span> <span class='ocrx_word' id='word_1_213' title='bbox 1192 4159 1203 4212; x_wconf 95' lang='lat' dir='ltr'>l</span> <span class='ocrx_word' id='word_1_214' title='bbox 1227 4177 1253 4214; x_wconf 90' lang='lat' dir='ltr'>n.</span> <span class='ocrx_word' id='word_1_215' title='bbox 1269 4165 1319 4213; x_wconf 78' lang='lat'>641</span> <span class='ocrx_word' id='word_1_216' title='bbox 1341 4177 1369 4229; x_wconf 91' lang='lat' dir='ltr'>p.</span> <span class='ocrx_word' id='word_1_217' title='bbox 1386 4165 1451 4226; x_wconf 72' lang='lat'>1603</span> 
     </span>
     <span class='ocr_line' id='line_1_27' title="bbox 302 4245 1450 4322; baseline -0.006 -15"><span class='ocrx_word' id='word_1_218' title='bbox 302 4254 348 4322; x_wconf 91' lang='lat' dir='ltr'>Vl,</span> <span class='ocrx_word' id='word_1_219' title='bbox 369 4261 381 4306; x_wconf 84' lang='lat'><em>1</em></span> <span class='ocrx_word' id='word_1_220' title='bbox 402 4273 428 4308; x_wconf 92' lang='lat' dir='ltr'>n.</span> <span class='ocrx_word' id='word_1_221' title='bbox 444 4259 509 4319; x_wconf 78' lang='lat'><strong>3313</strong></span> <span class='ocrx_word' id='word_1_222' title='bbox 529 4251 559 4305; x_wconf 89' lang='lat' dir='ltr'>P.</span> <span class='ocrx_word' id='word_1_223' title='bbox 575 4251 604 4306; x_wconf 85' lang='lat' dir='ltr'>L.</span> <span class='ocrx_word' id='word_1_224' title='bbox 620 4247 657 4302; x_wconf 79' lang='lat' dir='ltr'>M.</span> <span class='ocrx_word' id='word_1_225' title='bbox 673 4247 703 4302; x_wconf 82' lang='grc' dir='ltr'>Ε.</span> <span class='ocrx_word' id='word_1_226' title='bbox 723 4245 781 4302; x_wconf 84' lang='lat' dir='ltr'>tub.</span> <span class='ocrx_word' id='word_1_227' title='bbox 796 4247 831 4300; x_wconf 87' lang='lat' dir='ltr'>Ll</span> <span class='ocrx_word' id='word_1_228' title='bbox 847 4247 873 4298; x_wconf 78' lang='lat' dir='ltr'><em>A</em></span> <span class='ocrx_word' id='word_1_229' title='bbox 893 4249 923 4302; x_wconf 89' lang='lat' dir='ltr'>et</span> <span class='ocrx_word' id='word_1_230' title='bbox 940 4247 1035 4303; x_wconf 78' lang='lat' dir='ltr'>Euam.</span> <span class='ocrx_word' id='word_1_231' title='bbox 1054 4265 1081 4317; x_wconf 91' lang='lat' dir='ltr'>p.</span> <span class='ocrx_word' id='word_1_232' title='bbox 1092 4253 1139 4314; x_wconf 77' lang='lat'>453</span> <span class='ocrx_word' id='word_1_233' title='bbox 1160 4247 1322 4302; x_wconf 88' lang='lat' dir='ltr'>Buecheleri</span> <span class='ocrx_word' id='word_1_234' title='bbox 1335 4248 1450 4302; x_wconf 84' lang='lat' dir='ltr'>Authol.</span> 
     </span>
     <span class='ocr_line' id='line_1_28' title="bbox 300 4335 1277 4412; baseline -0.006 -16"><span class='ocrx_word' id='word_1_235' title='bbox 300 4341 499 4412; x_wconf 82' lang='lat' dir='ltr'>epigraphicae</span> <span class='ocrx_word' id='word_1_236' title='bbox 519 4339 567 4394; x_wconf 78' lang='lat' dir='ltr'>lat</span> <span class='ocrx_word' id='word_1_237' title='bbox 587 4355 659 4408; x_wconf 87' lang='lat' dir='ltr'>spec.</span> <span class='ocrx_word' id='word_1_238' title='bbox 680 4337 718 4390; x_wconf 89' lang='grc' dir='ltr'>ΙΙΙ</span> <span class='ocrx_word' id='word_1_239' title='bbox 738 4335 862 4402; x_wconf 76' lang='lat' dir='ltr'>(Bounae</span> <span class='ocrx_word' id='word_1_240' title='bbox 884 4339 963 4405; x_wconf 74' lang='lat'>1876)</span> <span class='ocrx_word' id='word_1_241' title='bbox 981 4353 1008 4391; x_wconf 87' lang='lat' dir='ltr'>n.</span> <span class='ocrx_word' id='word_1_242' title='bbox 1028 4337 1053 4390; x_wconf 93' lang='lat' dir='ltr'>ll</span> <span class='ocrx_word' id='word_1_243' title='bbox 1072 4354 1099 4405; x_wconf 91' lang='lat' dir='ltr'>p.</span> <span class='ocrx_word' id='word_1_244' title='bbox 1114 4343 1139 4392; x_wconf 76' lang='grc' dir='ltr'>ὃ,</span> <span class='ocrx_word' id='word_1_245' title='bbox 1176 4335 1206 4391; x_wconf 81' lang='lat' dir='ltr'>C.</span> <span class='ocrx_word' id='word_1_246' title='bbox 1221 4337 1277 4407; x_wconf 89' lang='lat' dir='ltr'>W.]</span> 
     </span>
    </p>

    <p class='ocr_par' dir='ltr' id='par_1_5' title="bbox 299 4425 1449 4587">
     <span class='ocr_line' id='line_1_29' title="bbox 370 4425 1449 4498; baseline -0.005 -15"><span class='ocrx_word' id='word_1_247' title='bbox 370 4429 623 4498; x_wconf 73' lang='lat' dir='ltr'>**)1Tabulalll‚</span> <span class='ocrx_word' id='word_1_248' title='bbox 648 4427 714 4480; x_wconf 92' lang='lat' dir='ltr'>olim</span> <span class='ocrx_word' id='word_1_249' title='bbox 735 4425 963 4480; x_wconf 84' lang='lat' dir='ltr'>commentationi</span> <span class='ocrx_word' id='word_1_250' title='bbox 983 4426 1102 4494; x_wconf 79' lang='lat' dir='ltr'>adnexa,</span> <span class='ocrx_word' id='word_1_251' title='bbox 1126 4427 1229 4482; x_wconf 82' lang='lat' dir='ltr'>iterata</span> <span class='ocrx_word' id='word_1_252' title='bbox 1251 4427 1293 4480; x_wconf 84' lang='lat' dir='ltr'>eat</span> <span class='ocrx_word' id='word_1_253' title='bbox 1311 4425 1342 4480; x_wconf 90' lang='lat' dir='ltr'>P.</span> <span class='ocrx_word' id='word_1_254' title='bbox 1364 4425 1393 4481; x_wconf 85' lang='lat' dir='ltr'>L.</span> <span class='ocrx_word' id='word_1_255' title='bbox 1413 4425 1449 4480; x_wconf 83' lang='lat' dir='ltr'>ll.</span> 
     </span>
     <span class='ocr_line' id='line_1_30' title="bbox 299 4517 555 4587; baseline -0.008 -15"><span class='ocrx_word' id='word_1_256' title='bbox 299 4518 330 4573; x_wconf 87' lang='lat' dir='ltr'>E.</span> <span class='ocrx_word' id='word_1_257' title='bbox 351 4519 368 4574; x_wconf 88' lang='lat' dir='ltr'>l.</span> <span class='ocrx_word' id='word_1_258' title='bbox 388 4519 406 4571; x_wconf 91' lang='lat'>1.</span> <span class='ocrx_word' id='word_1_259' title='bbox 455 4517 483 4571; x_wconf 88' lang='lat' dir='ltr'>C.</span> <span class='ocrx_word' id='word_1_260' title='bbox 498 4517 555 4587; x_wconf 62' lang='lat' dir='ltr'>W]</span> 
     </span>
    </p>
   </div>
   <div class='ocr_carea' id='block_1_5' title="bbox 0 0 1528 5144">
    <p class='ocr_par' dir='ltr' id='par_1_6' title="bbox 0 0 1528 5144">
     <span class='ocr_line' id='line_1_31' title="bbox 0 0 1528 5144; baseline 0 3"><span class='ocrx_word' id='word_1_261' title='bbox 0 0 1528 5144; x_wconf 95' lang='lat' dir='ltr'> </span> 
     </span>
    </p>
   </div>
  </div>
 </body>
</html>
