3080 5142
474 403 756 452 svernnunnuvu
780 405 826 450 111.
1098 475 1103 485 ι
1157 387 1221 452 537

101 568 207 630 rusque
232 547 487 631 respondissent,
515 547 639 630 aliquot
670 549 780 610 tamen
808 546 901 611 annis
929 545 1108 610 interiectis
1136 551 1224 630 post·

100 673 181 736 quam
201 675 256 738 per
275 653 541 718 exercitationum
562 652 841 738 epigraphicarum
862 653 1046 719 occasiones
1067 653 1222 718 academi-

101 779 143 822 cae
164 759 217 823 illa
237 760 308 842 ipsa
328 763 445 843 ectypa
464 759 638 823 multorum
658 757 808 822 manibus
831 762 972 822 tractata
995 761 1090 842 atque
1115 759 1224 844 aliqua

101 883 130 926 ex
148 867 232 946 parte
253 864 372 928 detrita
390 868 483 956 sunt,
500 886 603 948 pauca
622 864 779 949 quaedam
798 866 848 928 vel
868 866 948 929 mihi
967 865 1019 930 vel
1039 865 1223 930 adulescen-

100 969 172 1032 tibus
202 970 279 1034 meis
312 972 422 1055 paullo
454 971 549 1034 aliter
580 971 718 1056 legenda
750 993 820 1036 esse
850 972 920 1036 risa
953 976 1029 1036 sunt
1058 978 1155 1058 atque
1182 973 1223 1037 ab

101 1075 178 1140 initio
199 1075 317 1141 factum
343 1081 436 1142 esset.
472 1076 521 1142 De
545 1078 665 1142 talibus
689 1077 791 1162 igitur
809 1100 881 1142 cum
906 1079 1137 1144 intellexissem
1156 1080 1224 1143 bre-

101 1181 167 1245 viter
194 1185 385 1250 monendum
418 1205 488 1250 esse
517 1185 551 1248 in
578 1183 804 1249 Enarratiouis
838 1185 1072 1268 supplementis
1100 1207 1131 1267 p.
1152 1185 1223 1268 104,

102 1290 156 1352 fieri
176 1312 237 1354 non
259 1290 368 1373 potuit
391 1291 469 1375 quin
488 1291 598 1356 eadem
617 1311 690 1355 mea
707 1291 770 1354 fide
791 1290 983 1374 interposita
1001 1289 1223 1355 Mommsenus

101 1395 213 1460 iteraret
233 1396 314 1461 Add.
343 1420 373 1480 p.
393 1397 467 1462 553.
517 1396 607 1473 Quae
638 1397 748 1462 omnia
776 1396 835 1460 etsi
865 1417 922 1480 per
950 1419 983 1460 se
1010 1397 1095 1460 levia
1122 1396 1224 1460 videri

103 1506 229 1586 possunt,
255 1505 366 1567 tamen
395 1504 546 1588 quoniam
577 1503 612 1568 in
638 1503 689 1567 bis
712 1503 918 1587 potissimum
944 1501 1132 1587 Scipionum
1156 1525 1223 1568 mo·

102 1610 255 1692 ramentis,
288 1610 315 1673 si
344 1633 455 1674 verum
484 1611 631 1674 volumus
662 1610 771 1692 lateri,
802 1631 916 1692 reapse
948 1609 1032 1674 nibil
1061 1609 1133 1673 leve
1165 1615 1224 1692 est,

103 1714 198 1796 nequid
220 1718 360 1801 scrupuli
380 1717 613 1802 relinqueretur
631 1717 685 1782 sed
704 1718 738 1781 in
757 1716 873 1780 dubiae
895 1717 1098 1780 coniecturae
1116 1718 1223 1781 locum

103 1823 171 1883 certa
199 1823 333 1888 scientia
365 1824 562 1906 succederet,
598 1823 748 1908 precibus
778 1823 859 1887 meis
884 1821 1118 1907 Wollgangum
1146 1821 1223 1886 Hel-

104 1925 218 2012 bigium,
248 1929 338 1994 cuius
360 1931 426 1996 iarn
450 1953 549 2014 supra
576 1929 787 1996 honorificam
817 1929 1011 1994 mentionem
1035 1929 1110 2010 feci,
1136 1928 1221 1992 haud

105 2053 179 2116 tegre
206 2037 352 2120 permovi
386 2041 423 2102 ut
450 2037 553 2102 denuo
585 2036 745 2121 lapidibus
776 2035 843 2100 illis
875 2034 1120 2119 religiosissime
1152 2055 1224 2097 mea

104 2159 196 2204 caussa
221 2144 427 2228 examinatis,
460 2143 537 2229 quid
564 2143 695 2208 tandem
723 2142 757 2207 in
785 2141 831 2206 eis
855 2163 968 2206 revera
991 2140 1147 2224 scriptum
1171 2161 1222 2203 ex·

106 2247 198 2330 staret,
226 2253 297 2314 tam
325 2250 497 2334 diligenter
525 2249 674 2314 definiret
703 2253 740 2312 ut
765 2270 851 2313 nunc
874 2247 1003 2312 tandem
1027 2246 1133 2310 nullus
1156 2245 1223 2310 iam

106 2349 226 2418 rideatur
239 2355 436 2420 dubitationi
450 2355 540 2420 locus
560 2355 702 2418 relictus.
734 2354 805 2430 Qua
823 2354 854 2417 in
876 2375 990 2418 caussa
1007 2352 1088 2416 illud
1109 2353 1223 2417 laetari

107 2453 163 2520 licet
186 2461 265 2544 quod
294 2462 432 2546 singulis
461 2461 540 2525 loeis
568 2461 601 2524 id
628 2461 750 2545 ipsum,
781 2460 866 2545 quod
895 2481 965 2524 esse
992 2481 1103 2524 verum
1131 2461 1224 2524 intel-

107 2560 200 2630 lectum
226 2573 289 2653 est,
321 2569 354 2632 in
382 2569 464 2652 ipsis
491 2567 613 2632 tabulis
636 2567 856 2652 lithographis
880 2567 1091 2650 conspicitur,
1123 2589 1222 2630 vanas

107 2687 159 2733 csse
182 2695 257 2758 qnae
288 2679 364 2760 post
390 2679 486 2739 natae
517 2679 592 2738 sunt
622 2675 673 2738 v'el
701 2675 921 2738 dubitationes
954 2674 1004 2737 vel
1028 2673 1222 2756 suspitiones

108 2793 195 2842 omnes
217 2783 376 2865 apparuit.
410 2781 499 2857 Quod
523 2785 560 2845 ut
583 2781 657 2846 aliis
681 2802 807 2866 quoque
830 2803 962 2865 prorsus
985 2779 1223 2864 persuadeatur,

108 2877 174 2960 ipsas
194 2886 317 2954 litteras
341 2887 555 2973 Helbigianas
578 2887 663 2951 inlra
686 2887 850 2969 ponendas
875 2887 960 2952 duxi.

234 2993 385 3060 ‘Endlich
405 2995 461 3058 bin
480 2994 533 3058 ich
552 2995 597 3058 im
613 2992 733 3057 Stande
752 3015 910 3078 gewesen,
933 2994 994 3058 den
1013 2994 1076 3058 mir
1095 2995 1223 3059 11111111-

157 3099 204 3163 ten
224 3101 367 3185 Auftrag
389 3099 521 3165 betrelis
540 3100 596 3164 der
615 3098 980 3183 Scipioneninschriften
999 3100 1223 3166 auszuffibren.

157 3201 201 3268 Da
220 3207 296 3271 awai
321 3208 377 3273 der
400 3205 610 3291 Insobriften,
638 3206 718 3270 uber
741 3205 862 3270 welche
886 3205 939 3270 Sic
961 3205 1127 3271 Auskunft
1155 3227 1222 3271 ver·

158 3309 292 3398 langten,
324 3314 359 3378 in
391 3311 644 3378 betriichtlicber
675 3311 769 3376 che
801 3312 1021 3397 eingemauert
1053 3314 1125 3377 sind
1157 3313 1222 3376 und

158 3413 241 3483 keine
265 3420 320 3484 der
343 3420 388 3483 im
402 3419 558 3483 Arsenale
582 3419 637 3482 des
660 3418 905 3484 ratilranischen
919 3418 1083 3484 Museums
1103 3419 1222 3483 11111111-

160 3521 254 3589 lichen
276 3525 408 3591 Leitern
435 3526 485 3589 dio
513 3524 740 3590 hinreichende
763 3525 874 3608 Lange
897 3526 1003 3608 hatte,
1033 3527 1165 3590 dauerte
1189 3548 1222 3589 es
1338 3595 1342 3603 ,

160 3628 251 3716 lange,
273 3633 324 3698 bis
347 3633 398 3697 die
422 3655 494 3696 num
513 3631 763 3714 Hiuaufsteigen
787 3631 922 3717 nbthige
940 3631 1135 3696 Erlaubniss
1158 3633 1223 3696 und

159 3733 254 3803 Leiter
277 3739 426 3824 geliefert
448 3737 589 3804 wurden.
608 3776 650 3783 -
673 3739 753 3802 Was
772 3737 822 3801 die
846 3759 910 3802 von
926 3737 1029 3803 lhnen
1052 3739 1223 3823 gestellten

161 3837 272 3928 Fragen
295 3846 432 3928 betrifft,
460 3867 496 3909 so
520 3845 647 3909 scheint
670 3845 732 3908 mir
754 3844 837 3908 nach
861 3844 918 3907 der
940 3866 1004 3908 von
1026 3844 1089 3908 mir
1113 3866 1223 3928 vorge·

161 3967 340 4016 nommenen
364 3973 510 4036 genauen
529 3951 675 4034 Prttfung
698 3951 749 4016 die
773 3951 838 4014 alte
858 3949 999 4034 Lesung,
1024 3949 1084 4014 wie
1103 3950 1149 4014 sie
1169 3951 1227 4014 auf

162 4050 245 4119 lluen
258 4055 372 4122 Γ111111
388 4058 557 4140 erscheint,
576 4057 796 4122 allenthalben
810 4055 981 4141 endgbltig
994 4055 1223 4122 festzustehen.

164 4157 335 4248 bllerdings
363 4163 506 4228 befindet
534 4163 601 4227 sich
630 4185 672 4227 an
695 4164 778 4227 allen
801 4161 1034 4245 1111811111,
1067 4163 1146 4228 tiber
1172 4163 1223 4227 die

163 4261 208 4330 Sic
229 4271 394 4357 anfragen,
417 4271 650 4358 irgendwelcbe
664 4271 857 4356 Vertiefung
878 4271 923 4335 im
947 4267 1065 4350 Steine‚
1088 4291 1125 4334 so
1149 4269 1223 4332 dass

165 4370 208 4436 die
231 4375 448 4465 Betrachtung
480 4380 536 4444 der
563 4379 843 4461 Papierabdrttcke
875 4377 950 4441 sehr
981 4376 1068 4441 wohl
1099 4398 1137 4440 au
1168 4375 1225 4441 der

165 4475 374 4572 Vermutbung
391 4487 508 4551 fiibren
526 4487 627 4568 kann,
650 4507 684 4549 es
702 4485 787 4550 habe
805 4483 1033 4570 ursprttnglich
1053 4483 1105 4548 ein
1118 4482 1224 4548 Buch-
