3062 5142
285 635 575 718 interpretemure
599 632 759 698 deivai‘s
788 633 1006 700 cornisca‘is
1012 630 1190 698 '·contrao

285 743 350 821 tos,
387 745 444 805 aut
474 740 615 805 fortasse
647 740 745 805 etiam
777 740 956 824 simplicius
989 738 1190 804 accusativos

284 847 494 912 simulacro
517 867 628 911 earnm
650 846 784 911 dearum
787 846 990 933 inscriptos.
1046 864 1050 873 ·

372 943 440 1018 N‘ec
462 974 548 1030 vero,
572 953 612 1018 ad
635 952 752 1037 poeula
774 958 812 1019 ut
833 952 976 1037 redeam,
997 951 1190 1018 inusitatum

283 1059 383 1124 fuisse
411 1057 537 1124 Latinis
570 1081 650 1126 vasa
681 1060 750 1126 deis
779 1061 915 1144 donare,
946 1081 1019 1125 cum
1046 1081 1065 1123 e
1092 1058 1190 1124 titulo

285 1165 424 1248 quodam
457 1165 652 1251 Augustsno
688 1166 889 1253 intellegitur
924 1167 981 1251 qui
1017 1170 1068 1234 est
1104 1164 1189 1249 apud
1241 1133 1431 1210 Q

284 1270 458 1337 Gruterum
486 1295 516 1357 p.
535 1273 566 1357 5,
584 1274 614 1356 6,
642 1274 728 1358 apud
755 1272 911 1338 Orellium
933 1295 965 1337 ιι.
987 1272 1071 1338 1279
1097 1270 1146 1352 [O.
1164 1271 1189 1336 Ι.
1302 1272 1423 1324 <³

283 1376 1188 1463 L.V,2n.6829]:10v1-1VNON·M1NanAN-

284 1483 421 1550 ΤΟΝΙΑ
436 1521 442 1533 -
457 1484 513 1549 M·
528 1485 599 1550 LIB
622 1486 632 1570 ΙΙ
656 1485 925 1553 APHRODISIA
944 1521 950 1534 ·
971 1483 1165 1552 SOYPHOS
1181 1518 1188 1533 ·

282 1590 320 1655 II
338 1592 348 1676 ΙΙ
366 1590 635 1658 vnNuann·
651 1590 884 1658 SPEOVLVM
900 1592 911 1676 ΙΙ
929 1589 1018 1656 DON
1022 1590 1103 1656 VM·
1114 1589 1187 1657 Dn-

283 1695 373 1780 DIT,
395 1701 464 1762 tum
493 1721 531 1764 ex
559 1699 776 1784 antiquissimi
804 1698 971 1764 cuiusdam
993 1699 1080 1764 vasis
1107 1698 1188 1783 figo·

284 1802 341 1867 lini
373 1803 557 1888 fragmento
590 1809 642 1871 sat
674 1805 878 1871 memorabili
913 1811 1014 1888 recte,
1051 1804 1079 1869 si
1111 1803 1187 1889 quid

283 1908 386 1993 video,
418 1911 540 1998 conligi
574 1914 703 1997 poterit.
744 1912 838 1989 Quod
869 1911 1087 1998 fragmentum
1116 1932 1187 1975 oum

282 2016 316 2081 in
343 2017 446 2101 ipsius
469 2016 556 2085 Latii
580 2019 740 2104 sepulcro,
762 2018 888 2084 Ardeae
911 2019 1054 2102 quidem,
1085 2038 1188 2101 nuper

283 2125 424 2224 extorris
453 2126 605 2191 effossum
633 2147 704 2190 esse
731 2125 892 2192 Heuricus
915 2124 1079 2190 Brunnius
1106 2123 1187 2188 mihi

283 2230 469 2314 scripsisset
495 2254 605 2298 mense
632 2231 715 2298 Iulio
745 2231 919 2316 superioris
952 2231 1043 2316 anni,
1075 2229 1187 2297 addito

283 2336 504 2420 inscriptionis
541 2339 687 2424 exemplo
724 2338 913 2425 vulgaribus
954 2338 1074 2403 litteris
1112 2360 1186 2404 con·

283 2443 426 2530 signato:
456 2465 514 2510 nec
542 2445 627 2510 euim
657 2444 838 2510 delineandi
866 2443 994 2510 veniam
1017 2467 1037 2509 a
1059 2466 1186 2530 posses·

283 2573 356 2616 sore
379 2551 546 2636 impetrari
570 2575 677 2636 posse:
708 2574 795 2617 nunc
818 2551 947 2616 demum
970 2551 1087 2616 abhinc
1110 2573 1186 2636 pau-

282 2679 336 2722 oas
365 2658 564 2742 septimanas
593 2659 725 2724 eandem
759 2659 826 2724 vidi
853 2659 887 2722 in
914 2657 1116 2724 transmissis
1145 2656 1186 2721 ad

283 2787 334 2829 me
353 2764 457 2830 Diarii
476 2763 710 2850 (‘Bullsttino’)
733 2764 809 2830 novi
827 2763 1038 2848 Neapolitani
1060 2764 1135 2846 [vol.
1154 2763 1184 2844 I]

282 2871 429 2954 partibus
453 2871 520 2935 aeri
543 2871 677 2936 incisam
700 2873 735 2936 in
759 2871 871 2936 tabula
885 2869 932 2936 VI
952 2870 1037 2950 [vide
1056 2870 1122 2936 tab.
1137 2868 1184 2934 IX

281 2978 335 3061 fig.
362 2973 469 3062 H]*)‚
506 2979 736 3044 commentario
768 2981 879 3042 tamen
911 2977 962 3042 vel
994 2977 1185 3061 interpreta-

283 3088 392 3147 mento
412 3081 510 3146 ineis
530 3081 691 3148 fasciculis
710 3085 813 3169 ipsius
832 3084 941 3167 diarii,
964 3083 1020 3167 qui
1042 3083 1077 3148 in
1095 3103 1196 3178 mess·

283 3211 397 3255 manus
421 3193 585 3274 venerunt,
609 3190 719 3256 addito
741 3189 897 3276 nullo.**)
937 3190 1000 3255 Est
1019 3194 1128 3254 eutem
1147 3211 1185 3254 ea

281 3298 374 3380 haec,
406 3297 526 3362 litteris
553 3298 684 3382 quidem
715 3298 756 3364 ad
788 3319 949 3363 summam
978 3295 1184 3382 antiquitatis
1317 3282 1320 3288 ¹

282 3405 421 3489 speeiem
444 3404 669 3470 conformatis:

1242 264 1464 342 ‘ff‘

595 384 643 432 DE
667 383 864 432 Flcnlbmvs
888 381 1098 431 LITTERATIS

288 531 345 593 eut
330 527 509 592 tdativos
540 526 684 609 plurales
718 523 996 593 CORNISOAS·
1011 521 1191 591 DEIVAS’
1267 389 1412 742 ζ

352 3599 378 3664 *)
398 3598 574 3669 [Acouratius
591 3597 758 3668 xylographi
777 3599 836 3652 erte
850 3611 1012 3668 expressum
1026 3596 1184 3667 exemplum

281 3685 472 3758 inscriptionis
495 3685 575 3740 dedit
592 3684 762 3741 Bitscbelius
777 3685 873 3741 linari.
892 3685 923 3740 Ρ.
938 3685 968 3740 L.
982 3685 1019 3740 Μ.
1034 3685 1066 3740 Ε.
1085 3704 1112 3756 p.
1124 3691 1184 3755 101,

214 3791 223 3808 ¹
281 3776 357 3844 quod
384 3774 430 3828 hio
457 3773 614 3828 iterandum
642 3775 744 3829 curavi
797 3773 927 3830 Ceterum
960 3773 994 3830 cl.
1019 3772 1091 3830 0.1.
1116 3773 1184 3829 L.l

281 3881 307 3917 n.
324 3869 383 3921 loo.
421 3861 449 3917 Ο.
464 3861 521 3933 W.]

352 3951 394 4022 ¹¹¹¹)
413 3951 481 4024 [Sed
500 3951 534 4008 cf.
553 3951 582 4008 P.
601 3950 631 4005 L.
651 3950 688 4006 Μ.
707 3951 738 4006 Ε.
757 3951 854 4008 Euarr.
873 3969 900 4021 p.
918 3957 963 4008 ltz
990 3951 1082 4018 ‘Quod
1099 3952 1184 4022 (frag-

281 4043 417 4109 mentum)
436 4040 537 4109 qnibus
555 4039 647 4096 verbis
665 4040 851 4112 supplendum
870 4041 920 4108 sit,
938 4043 997 4096 tam
1017 4057 1077 4096 csse
1095 4041 1183 4097 incer·

280 4134 342 4185 tum
361 4130 443 4184 video
466 4131 498 4183 ut
516 4145 567 4184 nec
586 4145 649 4185 mea
666 4131 778 4186 teneam
800 4130 835 4184 dc
858 4129 914 4184 fiet.
933 4128 988 4184 litt
1007 4147 1034 4200 p.
1052 4135 1086 4184 22
1110 4146 1182 4185 com·

282 4219 414 4273 mandate
441 4234 493 4272 neo
515 4217 703 4274 Garruccisna
728 4219 883 4290 amplectar
907 4217 925 4274 l.
950 4235 970 4272 s.
991 4235 1011 4272 ι.
1040 4218 1184 4289 proposita

281 4324 309 4376 p.
326 4311 384 4362 183.
416 4305 544 4362 Ceterum
563 4309 681 4363 eandem
698 4307 907 4378 inscriptionem
926 4305 1001 4360 idem
1019 4305 1184 4362 Ganuceias

282 4395 311 4448 in
330 4395 456 4450 «Greffiti
475 4395 509 4450 de
523 4396 655 4466 Pompei»
673 4415 699 4467 p.
714 4403 747 4451 31
767 4395 890 4463 iteravit,
913 4395 961 4450 sed
980 4395 1082 4450 litteris
1100 4396 1184 4465 longe

282 4485 311 4538 et
330 4481 482 4537 minoribus
501 4486 531 4537 et
548 4483 726 4540 rudioribus!
766 4484 795 4539 (l.
810 4485 867 4553 W.]
