2948 5048
474 356 625 403 rxrvcvs
650 356 852 403 xnnrnrnus.
1168 337 1229 402 169

87 493 238 581 lapidarii
267 505 411 584 repetere
436 499 476 565 ad
499 499 678 584 proximam
703 497 725 561 S
749 499 889 563 litteram
913 498 1104 580 aberrantis,
1127 498 1155 561 ei
1180 499 1285 561 dean

95 606 333 672 monstrandum
352 608 414 672 erit
431 628 583 691 umquam
597 609 737 670 veterem
756 606 900 690 linguam
916 603 1113 669 SENATVS
1127 606 1232 670 forma

10 792 13 803 Ι
99 707 156 777 ullo
184 719 273 778 certo
302 714 449 798 exemplo
486 736 577 777 usam
602 735 685 777 csse:
717 712 750 777 id
775 711 861 797 quod
886 733 1018 795 prorsus
1048 710 1232 796 negandum

10 814 12 821 '
98 836 159 884 esse
177 821 280 886 video.
321 819 369 884 Ac
391 819 571 903 profectam
594 818 685 883 illam
709 842 728 883 a
748 816 975 883 SENATVOS
994 819 1143 904 genetivo
1162 840 1233 882 esse

96 925 171 992 satis
199 927 450 992 Vindobonense
482 925 520 989 de
553 924 769 990 Bacanalibus
804 929 1048 990 monumentum
1081 928 1231 989 testatur:

88 1054 223 1121 eamque
252 1033 488 1099 formam.fuit
518 1033 574 1117 qui
603 1054 661 1096 suo
694 1055 754 1096 usu
790 1032 1002 1115 instauraret,
1040 1034 1067 1097 si
1099 1034 1232 1118 optimis

81 1138 318 1225 Oudendorpio
341 1144 425 1205 teste
448 1139 610 1204 codicibus
630 1138 775 1203 Suetonii
800 1140 1018 1204 auscultamus
1038 1141 1084 1205 sic
1102 1163 1232 1204 narran-

70 1245 131 1311 tis
156 1247 196 1311 de
220 1246 398 1312 Octaviano
422 1245 570 1330 Augusto
595 1267 662 1328 cap.
687 1246 743 1309 87:
776 1247 848 1309 ilem
870 1247 987 1310 silaus
1010 1268 1071 1329 pro
1093 1268 1232 1329 saeuae,

59 1359 102 1417 et
128 1355 287 1418 domnos
314 1354 447 1436 panitiae
474 1373 547 1417 cusu
574 1353 730 1435 sinodum?
756 1373 816 1434 pro
843 1354 969 1417 donares
996 1351 1121 1439 (ponit).
1168 1352 1233 1417 Vbi

54 1459 178 1543 quod
196 1459 349 1544 vulgatur
370 1459 483 1534 dranus,
506 1456 637 1541 irrepsit
660 1457 758 1520 etiam
782 1456 815 1520 in
835 1456 930 1522 Marii
951 1458 1111 1525 Victorini
1135 1460 1233 1524 verba

49 1589 89 1651 p.
124 1568 230 1632 2456
254 1565 289 1653 (8
314 1565 381 1653 G.):
415 1564 518 1630 Diuus
544 1565 705 1648 Λυρκείας
724 1566 857 1647 politico
881 1587 953 1630 cusa
980 1567 1090 1631 luceius
1112 1569 1234 1631 doricas

49 1668 204 1756 (immo
231 1671 398 1758 domnos)
425 1693 525 1737 necue
546 1693 604 1754 per
636 1694 655 1736 o
685 1669 799 1757 (immo
825 1669 890 1758 ero),
918 1694 981 1737 reon
1002 1679 1039 1737 ul
1059 1695 1115 1739 nos
1131 1695 1190 1755 per
1213 1698 1232 1737 u

51 1777 211 1844 literam
237 1781 368 1862 scnpat.
420 1777 458 1842 ln
487 1778 660 1863 eodemque
693 1779 919 1863 antiquitatem
954 1780 1145 1864 aliquotiens
1178 1803 1232 1864 po·

55 1886 177 1950 atera
204 1890 295 1951 aetas
324 1885 453 1951 imitata
480 1888 542 1968 est,
575 1887 630 1950 sed
661 1908 678 1949 o
705 1885 808 1949 vocali
837 1886 875 1949 de
904 1908 961 1950 suo
991 1906 1079 1950 more
1107 1890 1234 1949 mutata

61 1988 103 2053 in
136 2014 188 2057 u:
227 2014 291 2078 quo
323 1992 382 2057 illa
408 1992 573 2076 pertinent
604 1992 639 2054 in
666 1991 773 2074 capite
800 1992 839 2054 de
867 1993 1033 2057 vocalibus
1061 1993 1234 2076 geminatis

22 2174 26 2179 ῃ
69 2103 343 2164 commemorata
378 2123 408 2183 p.
428 2099 479 2162 29
511 2096 622 2182 [supra
649 2122 680 2182 p.
711 2099 786 2177 152]
815 2097 997 2163 DOMVVS
1026 2096 1234 2182 (CONVEN-

76 2193 222 2293 TVVS)
250 2211 284 2271 et
310 2206 491 2290 imperante
520 2203 704 2269 Alexandro
738 2203 856 2268 Severo
895 2205 1050 2288 scriptum
1078 2204 1234 2270 'POTIVS

80 2299 379 2379 EXEROITVVS.
424 2313 599 2377 Pristinum
623 2310 708 2377 VOS
735 2311 997 2396 declinationem,
1023 2318 1058 2376 ut
1081 2314 1114 2376 in
1137 2315 1235 2378 reonti-

86 2424 154 2476 ”lls
181 2421 329 2502 nominis,
358 2419 484 2502 excepit
511 2418 582 2483 VIS
606 2418 724 2502 forma,
752 2441 835 2502 quae
865 2441 937 2482 cum
961 2419 1107 2501 dempto,
1135 2423 1172 2483 ut
1201 2420 1235 2484 in

89 2517 206 2608 prima,
228 2525 377 2603 secunda,
400 2525 514 2609 quinta
538 2525 761 2607 declinatione,
784 2525 879 2589 sibilo
904 2524 1061 2588 evasisset
1083 2523 1140 2606 Vl,
1162 2548 1234 2589 con·

90 2615 184 2695 trahi
208 2636 263 2697 aut
290 2633 326 2696 in
349 2631 379 2696 V
403 2635 439 2695 nt
467 2631 500 2696 in
529 2631 637 2695 dativo
667 2636 792 2713 sarapta
822 2631 993 2714 quintacvc
1017 2633 1164 2715 genetivo
1188 2634 1237 2696 dic

89 2735 212 2822 Potuit,
239 2742 296 2803 aut
317 2738 352 2802 in
379 2738 395 2802 I
419 2738 511 2802 utin
534 2738 642 2820 populi
668 2739 722 2802 dii.
769 2738 902 2801 Praeter
928 2738 1008 2802 hacc
1036 2739 1121 2802 enim
1151 2739 1236 2822 quod
1277 2780 1283 2795 „

86 2841 161 2903 Per
176 2844 303 2929 linguae
326 2845 417 2930 leges
439 2846 508 2908 ficri
529 2846 606 2909 item
626 2848 785 2928 potuerat,
809 2848 845 2909 ut
864 2844 975 2910 cadem
994 2868 1092 2928 opera
1111 2850 1143 2910 et
1162 2868 1236 2911 con·

82 2928 276 3016 “aleretur
304 2957 337 3016 et
359 2972 376 3015 s
397 2951 506 3015 littera
530 2956 726 3034 servaretur,
757 2953 819 3017 hoo
842 2953 921 3016 illud
946 2953 1053 3037 ipsum
1078 2953 1235 3037 estquod

78 3030 214 3122 fstetum
243 3081 313 3122 esse
340 3079 498 3143 negamus
527 3064 601 3123 ante
631 3060 733 3123 multo
761 3060 944 3142 posteriora
971 3065 1119 3142 tempora
1147 3058 1235 3122 adul-

74 3141 151 3220 Ἀθ
177 3164 353 3230 latinitatis.
399 3164 468 3230 Nec
491 3169 614 3247 tamen,
637 3187 718 3248 quae
742 3165 829 3229 facta
852 3169 928 3230 sxmt
951 3165 1144 3249 antiquitus,
1166 3165 1237 3249 pari

73 3245 274 3354 frequentia
296 3271 395 3336 fuere.
436 3270 545 3335 Vnum
568 3275 696 3335 tantum
719 3271 766 3336 VI
791 3271 1029 3335 terminationis
1053 3273 1120 3336 leve
1140 3273 1236 3336 vesti-

76 3359 186 3441 gium
208 3381 314 3441 exstat
336 3377 370 3440 in
389 3376 598 3441 Ambrosiani
618 3378 735 3441 codicis
755 3377 899 3441 Plautini
919 3377 1085 3460 memoria,
1109 3376 1236 3442 SVMP-

78 3461 175 3545 TV]
190 3483 355 3568 prodentis
376 3483 558 3548 Trinummi
579 3506 606 3546 v.
626 3485 700 3566 250,
725 3485 780 3548 nbi
803 3487 917 3566 sarrepta?
941 3488 973 3547 ct
995 3485 1136 3549 numeris
1156 3485 1236 3549 satis

82 3572 177 3654 lacit
204 3614 281 3657 sane
315 3594 348 3655 ct
379 3592 499 3656 lectum
528 3596 577 3655 est
601 3614 621 3655 a
643 3590 764 3655 Nonio:
800 3593 878 3655 item
902 3614 1011 3675 unum,
1043 3614 1236 3675 quamquam

91 3697 217 3760 certum
236 3701 273 3761 ut
296 3702 386 3781 puto,
409 3696 438 3760 V
463 3697 693 3763 contractionis
718 3698 897 3780 exemplum
919 3696 1092 3762 SENATV
1112 3698 1145 3761 in
1164 3698 1238 3760 Alc-

99 3792 209 3867 nixari
232 3802 330 3868 titulo
352 3808 474 3868 nostro.
506 3803 644 3868 Restant
667 3804 768 3888 igitur
788 3802 1005 3868 SENATVIS
1026 3809 1058 3867 et
1078 3803 1238 3869 SENATI

10 3956 23 3979 t„
107 3894 229 3993 Smne,
264 3930 346 3993 quae
378 3909 468 3993 ipsae
496 3932 516 3974 a
544 3913 634 3973 sexto
664 3911 792 3975 saeculo
821 3933 879 3994 per
907 3912 1083 3975 maximam
1111 3913 1237 3995 partem

116 4012 222 4090 septimi
255 4021 433 4100 regnarunt
465 4016 567 4100 solae,
599 4016 655 4079 scd
688 4016 750 4080 hoc
780 4022 888 4080 tamen
918 4021 1173 4100 temperamento
1201 4022 1238 4081 ut

120 4115 199 4184 nullo
224 4120 329 4186 rarior
356 4122 415 4204 sit,
444 4122 470 4186 si
496 4122 536 4186 ab
561 4144 623 4186 uno
647 4120 792 4187 Varrone
817 4122 1017 4205 discesseris,
1045 4122 1117 4187 VIS
1141 4146 1238 4206 quam

119 4214 335 4293 lterminatio:
363 4228 490 4312 quando
519 4229 644 4313 largam
667 4230 705 4292 dc
729 4229 790 4292 hoc
814 4251 931 4313 genero
956 4230 1105 4294 universo
1129 4230 1238 4295 existi-

116 4332 206 4397 nandi
227 4334 397 4398 materiam
416 4356 489 4399 cum
512 4334 618 4401 Gellio
642 4336 698 4417 IV,
726 4336 773 4418 113,
798 4334 944 4400 Charisia
968 4359 998 4420 p.
1026 4337 1065 4400 10
1088 4341 1121 4401 et
1143 4337 1186 4401 40
1206 4343 1239 4400 ct

114 4437 167 4502 105
182 4443 212 4504 et
236 4441 313 4523 116,
335 4438 465 4507 Donato
494 4441 528 4506 in
551 4441 650 4506 Andr.
674 4441 721 4525 Π,
749 4443 786 4523 2,
814 4443 856 4507 28
885 4446 919 4506 et
945 4442 1024 4506 Hec.
1046 4441 1110 4527 III,
1133 4444 1163 4527 2,
1186 4444 1238 4525 21,

10 4527 29 4809 ,
