3062 5142
342 403 389 450 ua
413 403 590 450 saevusne
616 401 795 450 rvmoavn
820 400 1035 456 svscvnauu
1196 381 1262 448 265

87 543 142 624 [C.
165 545 195 611 I.
219 545 255 610 1.
282 545 299 608 I
324 567 355 610 n.
371 547 427 630 303
451 543 506 629 VI,
524 547 538 609 1
560 545 702 630 11.1285;
733 544 765 612 P.
784 544 818 610 L.
837 544 880 608 Μ.
899 545 937 612 Ε.
956 545 1023 610 tab.
1037 543 1193 609 XXXVII
1204 544 1262 624 Bl,

86 651 294 735 persuadet
342 651 441 717 Cuius
464 652 579 717 tertius
603 673 714 716 versus

318 749 475 824 Lucium
500 755 681 841 Scipione
704 795 725 806 -
748 757 858 823 filios
882 757 1058 840 Barbati,

87 865 147 930 ubi
180 865 235 930 sic
266 865 321 930 uti
353 865 414 930 feci
443 865 616 950 dimetiris,
653 867 742 950 leges
776 887 886 932 omnes
918 863 1062 930 Saturnii
1095 865 1189 930 metri
1222 867 1262 930 ad

89 972 266 1036 amussim
300 973 422 1056 explet:
454 973 572 1038 eisdem
606 973 790 1057 refragatur
818 972 1039 1057 pertinaciter,
1071 973 1100 1038 si
1127 996 1146 1038 a
1171 973 1262 1037 brevi

89 1081 123 1142 in
154 1078 332 1144 Luciam
365 1079 567 1162 paenultima
599 1080 812 1165 proficiscare.
866 1078 952 1143 Nam
986 1079 1047 1143 etsi
1079 1079 1108 1144 ei
1138 1080 1263 1144 nomini

88 1208 160 1250 uon
190 1186 316 1251 nescio
346 1185 503 1270 synizesis
531 1187 703 1252 artificium
727 1209 747 1250 a
770 1185 963 1270 quibusdam
993 1186 1119 1271 ascisci,
1152 1187 1199 1252 sic
1227 1191 1263 1252 ut

89 1333 299 1376 mensnram
323 1310 488 1395 expleant:
510 1286 669 1378 Lucrbm
693 1311 877 1395 Scipione
900 1331 1073 1394 suppressa
1090 1310 1177 1376 thesi
1198 1310 1262 1395 pri·

90 1439 161 1501 ma,
186 1423 315 1482 tamen
338 1417 423 1482 idem
451 1418 518 1484 scio
546 1440 663 1501 parum
690 1418 723 1482 id
753 1418 828 1482 illos
856 1417 1059 1484 considerate
1085 1417 1263 1500 instituere,

90 1527 238 1610 eiusque
265 1547 364 1590 usum
387 1525 544 1609 synizesis
573 1531 724 1602 avetere
754 1524 917 1589 latinitate
941 1524 1066 1608 eadem,
1095 1546 1160 1608 qua
1182 1523 1262 1588 olim

89 1631 155 1696 feci
185 1630 308 1696 Musei
335 1631 440 1697 nostri
467 1636 491 1698 t.
515 1630 578 1696 VH
606 1655 637 1717 p.
661 1630 726 1696 595
751 1633 807 1712 [=
831 1628 948 1715 Opuse.
976 1628 1009 1694 II
1036 1652 1066 1714 p.
1086 1629 1165 1712 594]
1185 1653 1263 1715 sqq,
1398 1715 1401 1722 .

89 1737 307 1803 confidentia
330 1737 429 1803 etiam
453 1761 536 1803 nunc
561 1737 718 1804 abiudico.
765 1737 855 1803 Neve
880 1737 952 1823 quis
975 1737 1008 1801 in
1031 1736 1116 1802 hanc
1135 1741 1262 1821 partem

90 1847 206 1911 utior
242 1845 356 1910 forma
388 1845 555 1931 abutatur,
596 1868 677 1930 quae
710 1845 744 1910 in
776 1845 810 1911 P.
839 1842 1001 1929 Scipionis
1034 1843 1069 1908 P.
1100 1844 1122 1909 f.
1155 1845 1262 1929 elogio

92 1952 193 2031 [01.
215 1951 257 2016 L.
285 1951 300 2016 l
324 1973 354 2016 n.
373 1951 429 2035 333
457 1951 545 2037 VI,1
571 1953 717 2038 n.1288;
744 1950 778 2015 P.
796 1951 831 2016 L.
851 1951 894 2016 M.
912 1951 950 2017 Ε.
973 1951 1040 2016 tab.
1058 1949 1197 2016 XXXIX
1211 1951 1260 2030 F]

92 2061 126 2126 in
157 2058 366 2125 Saturnium
392 2079 521 2124 versum
554 2059 601 2124 sic
628 2058 777 2124 introvit:
810 2057 956 2134 Quibus
989 2057 1044 2122 sei
1076 2056 1115 2121 in
1145 2055 1263 2140 longa

92 2167 300 2232 licui-set
332 2165 414 2230 tibe
446 2165 549 2230 utici
580 2165 677 2249 uita,
709 2169 799 2231 certa
825 2164 1075 2231 ratiocinatione
1104 2162 1183 2228 satis
1211 2184 1262 2225 me

94 2275 177 2339 olim
205 2275 389 2338 cariturum
413 2271 552 2359 spero.*)
588 2271 704 2357 Itaque
723 2273 763 2336 ad
782 2272 881 2358 illius,
906 2294 925 2336 a
946 2293 1010 2355 quo
1030 2292 1162 2336 exorsus
1182 2292 1263 2354 sum,

95 2403 216 2447 sersus
245 2379 434 2462 exemplum
457 2380 639 2464 praestabit
662 2379 761 2445 etiam
794 2403 867 2446 eum
889 2380 1025 2446 recitare
1049 2377 1103 2466 qui
1128 2381 1177 2442 est
1200 2377 1263 2463 pri-

95 2511 170 2553 mus
198 2489 239 2552 in
266 2485 372 2570 ipsius
395 2486 491 2551 titulo
513 2485 663 2553 Barbati:

288 2589 492 2658 Corne'lids
516 2591 657 2659 Lucius
680 2630 702 2640 -
726 2591 858 2679 Scipid
881 2594 1085 2660 Barbatus.

94 2703 186 2767 Nam
213 2700 309 2764 huno
332 2697 462 2783 quidem
485 2699 547 2764 etsi
570 2701 690 2765 licebat
709 2722 786 2766 sane
806 2701 913 2786 aliquo
934 2700 1030 2767 modo
1049 2700 1097 2765 sic
1115 2701 1262 2784 expedire

95 2809 191 2874 nulla
217 2807 329 2872 ascita
352 2807 506 2890 syuiaesi,
532 2811 569 2871 ut
597 2829 770 2892 suppressa
797 2808 883 2873 thesi
911 2808 1014 2873 altera
1041 2808 1076 2872 in
1098 2806 1262 2893 dactylum

96 2917 208 2980 exiret
235 2913 331 2998 prius
356 2912 611 2979 hemistichium:
640 2913 847 2981 Cornelius
877 2914 1031 3004 delds,
1061 2919 1171 2981 tamen
1199 2937 1262 3000 quo
1393 2993 1397 3002 ι

97 3026 307 3109 argumento
331 3020 548 3106 aspernabere
572 3022 657 3106 quod
681 3043 752 3086 cum
776 3043 833 3107 per
855 3044 890 3086 se
913 3025 947 3087 et
965 3021 1145 3106 simplicius
1164 3023 1207 3088 sit
1230 3027 1263 3087 ct

97 3129 304 3216 elegantius,
326 3131 398 3193 tum
422 3132 544 3193 certum
568 3150 585 3193 e
605 3128 751 3213 lapidum
771 3127 933 3211 scriptura
946 3124 1134 3194 LVOEIVS
1156 3129 1262 3194 firma·

97 3243 255 3304 mentum
288 3234 511 3300 nanciscitur?
563 3235 670 3312 Quid?
703 3234 787 3319 quod
815 3235 851 3299 in
879 3235 1021 3300 eiusdem
1054 3235 1143 3300 tituli
1175 3236 1262 3300 illius

97 3369 199 3410 rersn
224 3343 329 3409 tertio
352 3343 496 3426 positum
520 3339 681 3418 QVOIVS
713 3364 733 3406 a
760 3341 887 3406 ratione
911 3341 1039 3425 quidem
1061 3363 1127 3407 non
1145 3341 1261 3408 abhor-

96 3456 171 3516 reat
206 3451 267 3537 qui
300 3449 510 3533 trisyllabum
549 3458 687 3533 quoius
725 3449 910 3533 genetivum
947 3448 1191 3533 interpretetur,
1223 3449 1263 3513 acl

98 3557 208 3622 dativi
237 3556 382 3622 formam
406 3553 557 3631 QVOIEI
584 3577 684 3641 prope
715 3556 933 3640 accedentem,
965 3555 1047 3620 tales
1075 3557 1112 3619 ut
1137 3555 1261 3622 numeri

97 3664 283 3748 prodeant:
590 3687 591 3690 ¹

268 3758 416 3845 Quoius
439 3766 562 3833 forma
584 3766 781 3834 uirtu—tei
799 3767 995 3853 parisuma
1017 3769 1103 3834 fuit.

98 3875 316 3960 Quamquam
335 3873 397 3939 hoc
415 3873 582 3938 fatendum
601 3878 651 3939 est
666 3876 892 3940 necessitatem
910 3898 976 3940 non
993 3875 1121 3958 habere,
1134 3876 1262 3959 quando

99 4005 139 4048 ne
163 3981 322 4067 vulgaris
347 3982 476 4066 quidem
500 4004 651 4047 mensura
674 3980 822 4058 Quoius
845 3983 968 4048 forma
992 3981 1168 4048 offensione
1194 3983 1262 4048 ullu

99 4083 311 4172 laborat.**)

189 4209 234 4314 'ki
246 4207 391 4314 [aanor
409 4243 513 4300 ratum
533 4247 576 4300 es:
593 4245 683 4300 nuru
702 4245 791 4300 auen.
805 4247 826 4300 a.
842 4245 906 4301 inv
921 4245 1005 4315 <nna
1023 4265 1050 4302 n.
1065 4247 1139 4316 xiv)
1159 4267 1185 4320 p.
1201 4255 1261 4304 ror.

100 4335 130 4390 c.
148 4333 210 4405 w.]

176 4422 224 4490 **)
247 4418 306 4490 [Cf.
333 4437 404 4489 quae
431 4421 600 4478 Ritschelius
624 4423 779 4494 disputavit
806 4423 895 4479 Musei
922 4424 1009 4480 Rhen.
1039 4427 1060 4480 t.
1085 4425 1149 4485 x1v
1179 4428 1264 4499 (inira

101 4530 127 4566 n.
147 4509 231 4577 XIV)
253 4525 283 4578 p.
300 4511 352 4562 405
372 4509 431 4566 adu.
468 4510 497 4569 C.
512 4510 570 4583 W.]
