3080 5142
259 325 324 394 544
495 343 639 393 555555
663 343 888 395 55555555
912 339 1169 394 5555555555

259 491 341 555 tales
360 491 521 556 tribuendi
541 492 607 556 sint
626 491 731 576 qualis
754 496 804 556 est
826 489 912 574 apud
927 489 1137 555 Garruccium
1161 490 1228 554 tab.
1242 485 1289 551 XI
1314 485 1375 572 fig.
1398 485 1425 549 4

261 597 309 678 [O.
322 597 348 662 1.
362 598 397 662 L.
417 597 462 661 lV
480 600 625 679 52430]
644 599 704 664 has
718 600 839 663 formas
854 599 980 664 socians
991 597 1130 661 VEREI
1145 591 1423 678 [immonREl]

260 702 394 768 BONEI
423 703 504 786 SEI,
536 707 588 770 vel
611 705 721 770 XXVI
747 707 801 790 fig.
824 705 868 770 44
897 704 945 786 [C.
972 702 998 769 Ι.
1022 703 1057 769 L.
1083 703 1130 768 IV
1159 725 1192 768 5.
1215 703 1318 782 2457]
1354 701 1424 764 ubi

260 808 510 885 VTREISQVE
544 819 576 876 ct
605 810 806 876 VEIVANT
839 812 995 895 scriptum
1027 815 1085 877 est.
1140 808 1203 874 Sed
1230 807 1293 873 hoc
1321 807 1422 890 quod

260 917 408 981 ultimum
431 919 598 1002 posuimus
618 919 763 1002 exemplo
781 919 847 982 iam
866 917 1067 981 traducimur
1085 916 1125 980 ad
1145 915 1283 978 alterum
1305 934 1423 998 genus

260 1023 346 1107 quod
370 1024 499 1088 exclusa
521 1025 736 1091 declinatione
764 1024 804 1088 ad
832 1023 920 1108 ipsas
944 1023 1063 1106 stirpes
1085 1021 1320 1086 vocabulorum
1344 1021 1425 1102 syl-

260 1128 414 1214 labasque
437 1130 634 1196 derivativas
658 1134 793 1214 spectat.

348 1236 387 1300 In
411 1259 448 1302 eo
472 1237 573 1322 igitur
595 1257 714 1321 genere
736 1237 878 1318 primum
900 1235 1057 1318 quaedam
1075 1234 1209 1299 nomina
1230 1232 1425 1318 gentilicia,

260 1343 316 1407 sed
339 1365 378 1407 ea
399 1365 516 1428 pauca,
540 1342 780 1427 diphthongum
804 1342 903 1406 etiam
926 1363 985 1426 per
1007 1341 1238 1424 imperatorum
1259 1343 1426 1422 tempora

260 1449 404 1513 tenacius
429 1453 609 1530 servarunt,
632 1446 810 1515 TEIDIVS
833 1448 1040 1532 potissimum
1064 1451 1097 1511 et
1115 1442 1314 1511 VEIDIVS:
1338 1445 1425 1528 qui·

261 1554 321 1618 bus
344 1555 453 1619 nescio
478 1577 519 1619 an
542 1553 814 1620 VEITENNIVS
839 1553 1002 1619 addendus
1026 1553 1070 1618 sit
1091 1575 1108 1616 a
1127 1551 1276 1616 Romano
1299 1551 1425 1634 lapide

262 1658 315 1725 Or.
334 1662 418 1726 1588
444 1661 520 1725 5551
535 1662 601 1726 804
626 1663 681 1742 [=
701 1659 735 1725 O.
750 1659 775 1724 1.
790 1659 823 1723 L.
838 1658 895 1743 VI,
912 1661 927 1723 1
953 1681 983 1724 5.
999 1659 1064 1724 630
1088 1658 1256 1742 5551862,
1279 1658 1336 1723 551
1363 1663 1428 1722 est

260 1765 555 1832 VXTTENNIVS.
582 1765 703 1848 C.W.].
744 1766 949 1850 Parilemquo
972 1788 992 1829 a
1011 1765 1214 1848 propriorum
1238 1764 1425 1828 nominum

260 1873 435 1938 tenacitate
453 1873 581 1938 veniam
599 1874 719 1938 habere
738 1873 820 1938 talia
838 1871 1032 1937 videbuntur
1052 1871 1133 1935 satis
1153 1871 1312 1954 solitaria,
1332 1891 1426 1953 qua·

260 1980 305 2044 lia
328 1984 403 2045 sunt
421 1977 715 2045 PEIOENTIBVS
742 1980 777 2043 in
800 1980 882 2044 actis
904 1976 1142 2060 triumphorum
1160 1975 1361 2060 Capitolinis
1393 2000 1428 2041 a.

261 2083 439 2151 ODXXOV
455 2084 542 2166 [(1.1.
558 2086 591 2151 L.
610 2085 626 2151 Ι
645 2110 674 2171 p.
685 2087 778 2167 457];
799 2123 840 2132 -
860 2080 1094 2150 EILLVRIOO
1113 2084 1148 2146 in
1167 2083 1426 2168 triumphorum

260 2192 381 2257 tabulis
402 2191 646 2256 Barberinianis
669 2190 834 2257 5151
859 2215 888 2276 p.
906 2191 985 2255 478:
1009 2225 1051 2236 —-
1075 2187 1237 2253 LEIBER
1259 2189 1294 2252 in
1314 2187 1426 2254 Lam·

262 2299 429 2363 baesitano
448 2298 545 2363 titulo
558 2295 724 2362 Or.·Henn.
735 2298 831 2380 5716,
846 2297 965 2362 rectius
979 2317 1065 2360 nuuc
1080 2295 1166 2360 edito
1182 2295 1216 2357 in
1230 2293 1267 2358 L.
1276 2294 1427 2362 Renieri

215 2428 246 2468 vr
261 2405 484 2489 ‘Inscriptions
503 2405 595 2469 Rom.
614 2405 653 2468 de
671 2402 836 2490 l’Alge'rie'
859 2403 978 2469 5157.
1013 2401 1216 2484 Partioipant
1238 2423 1312 2465 oum
1337 2424 1427 2486 pro·

260 2511 340 2594 priis
363 2512 549 2576 nominibus
572 2511 712 2575 similem
731 2515 898 2596 tamquam
921 2507 1178 2573 recordationem
1198 2507 1424 2591 antiquitatis

261 2617 418 2701 quaedam
443 2618 642 2701 appellativa
664 2622 701 2681 ut
724 2613 856 2682 EIDVS
880 2611 1067 2697 EIDIBVS,
1089 2615 1168 2678 item
1186 2611 1295 2677 ΗΕΙΟ
1317 2613 1426 2700 (suus

261 2722 332 2808 cst),
364 2727 397 2788 et
424 2725 517 2808 siqua
549 2729 625 2789 sunt
657 2725 796 2789 finitima
826 2722 986 2788 formulae
1017 2723 1155 2786 noneve
1187 2720 1423 2788 constantiam

261 2831 413 2896 tutantia.
468 2830 678 2896 Memorabile
710 2832 811 2915 igitur
842 2833 970 2914 praeter
1006 2830 1113 2892 cetera
1144 2825 1190 2891 ΕΙ
1226 2827 1424 2910 scripturae

262 2936 444 3020 exemplum
466 2937 568 3002 habes
591 2938 625 3001 in
649 2937 726 3002 anni
751 2937 814 3000 746
844 2935 941 3000 titulo
966 2931 1123 3019 Segusino
1148 2929 1200 2996 Or.
1220 2933 1286 2998 626
1311 2931 1360 3014 [C.
1390 2933 1422 3000 1.

262 3041 588 3127 5.11,25.7231],
620 3044 652 3107 15
682 3065 745 3126 quo
776 3041 823 3106 bis
853 3041 1011 3125 scriptum
1037 3042 1087 3103 est
1113 3037 1421 3106 CEIVITATIVM

261 3146 530 3214 OEIVITATES.
550 3185 592 3197 -
613 3146 675 3213 Sed
698 3149 779 3213 haec
802 3151 913 3212 tamen
934 3145 1051 3227 omnia,
1073 3145 1283 3229 quantumvis
1303 3167 1421 3229 pauca

261 3277 404 3338 numero,
428 3255 468 3320 ad
491 3256 614 3320 radices
634 3255 864 3321 vocabulorum
883 3254 1060 3339 pertinent:
1083 3253 1117 3316 in
1136 3251 1325 3316 derivativis
1345 3255 1422 3336 syl·

262 3362 346 3426 labis
369 3362 423 3427 vix
444 3363 545 3428 ullum
564 3363 792 3447 imperatoriae
811 3361 927 3426 aetatis
946 3359 1129 3442 exemplum
1148 3358 1298 3422 novimus
1315 3357 1419 3442 diph-

262 3469 378 3554 thongi
403 3467 611 3556 (quamquam
635 3476 668 3534 in
689 3470 750 3533 tali
769 3490 883 3533 caussa
901 3466 1015 3531 fallere
1033 3466 1083 3530 vel
1102 3485 1229 3530 summa
1247 3464 1420 3530 industria

261 3575 397 3661 potest):
420 3577 451 3641 5.
471 3599 496 3642 e.
519 3577 644 3644 nullum
667 3577 732 3640 tale
756 3575 866 3660 qualia
889 3573 1082 3638 vetustiores
1105 3569 1196 3634 tituli
1220 3569 1309 3634 velut
1328 3570 1420 3637 haec

261 3683 418 3767 praebent
446 3683 486 3748 ad
510 3679 678 3746 Attalea·
701 3686 733 3745 et
757 3677 936 3746 GABEIau
963 3679 1156 3760 scripturam
1185 3675 1332 3760 proximo
1356 3697 1419 3741 ac-

261 3789 420 3854 cedentia:
442 3786 707 3854 AML'IOORVM
730 3787 764 3851 in
787 3787 862 3851 anni
887 3786 951 3851 676
976 3783 1007 3848 S.
1030 3781 1065 3848 0.
1092 3782 1131 3846 de
1155 3781 1348 3866 Asclepiade
1373 3781 1418 3850 C.

261 3896 285 3961 I.
308 3895 344 3960 L.
366 3894 382 3959 I
406 3919 437 3960 n.
455 3895 521 3960 203
545 3893 593 3978 (P.
616 3893 651 3958 L.
675 3893 718 3958 M.
740 3893 778 3959 Ε.
801 3893 867 3958 tab.
885 3890 992 3976 XXX)
1016 3913 1044 3954 v.
1064 3890 1096 3972 73
1128 3925 1165 3936 ·-
1195 3885 1418 3954 AMEIOEIS

261 4002 295 4066 in
318 4001 464 4066 Romano
489 4001 585 4067 titulo
608 3999 686 4085 11‚5
707 4001 750 4064 ib.
769 4000 903 4064 51008
922 3997 1152 4078 Venusinoque
1175 4017 1206 4058 n.
1223 3996 1308 4060 1267
1325 3993 1418 4080 (tab.

261 4107 380 4173 LXXX
395 4105 454 4193 A);
483 4145 525 4153 —
554 4103 822 4172 ΑΜΕΙΟΙΤΙΑΜ
849 4107 881 4170 15
911 4105 988 4169 5551
1012 4103 1076 4167 643
1104 4103 1175 4186 lage
1204 4101 1335 4186 agraria
1364 4103 1417 4168 ib.

261 4238 292 4299 p.
311 4215 354 4279 84
377 4237 406 4278 v.
423 4215 473 4278 75.
493 4215 549 4297 80;
572 4249 616 4260 -
640 4213 717 4277 item
736 4210 998 4277 OISALPL'INA
1022 4211 1055 4274 in
1075 4209 1230 4274 5551705
1249 4207 1322 4290 lege
1343 4207 1418 4272 Ru·

261 4321 334 4385 bria
351 4344 382 4385 n.
397 4319 463 4385 205
482 4316 562 4405 (tab.
576 4317 715 4402 XXXII)
739 4317 793 4402 I‚'l
818 4323 851 4382 et
867 4317 909 4400 ΙΙ,
923 4317 953 4382 3.
968 4317 1024 4400 543
1039 4351 1081 4361 -
1095 4309 1417 4380 PEREGREINOS

261 4426 338 4492 ibid.
357 4424 382 4508 I,
401 4425 456 4509 243
480 4463 522 4470 —
546 4423 804 4490 TARENTEIN
807 4421 859 4488 VS
882 4425 916 4488 15
937 4422 1017 4488 satis
1040 4421 1173 4505 antiquo
1192 4418 1289 4483 titulo
1310 4417 1416 4486 Prae-
