2948 5048
556 299 569 327 Ω

316 340 336 404 2
630 359 854 407 surcrnscrvn
878 357 1151 408 rmrcuarmcru.

315 521 381 563 uon
410 500 568 585 hodieque
598 525 635 567 eo
669 503 702 566 iu
731 524 847 587 genere
880 503 1036 587 reperias,
1069 524 1150 586 quae
1179 523 1252 565 cum
1280 501 1465 585 Transalpi-

315 628 431 670 norum
463 607 564 671 aciem
600 609 767 673 oculorum
793 610 950 695 fugerint,
984 608 1197 693 Hyperboreo
1225 609 1465 692 peregrinatori

316 717 488 796 patescant
519 720 647 798 praeter
679 717 963 800 exspectationem.
1012 705 1180 780 Eiusmodi
1213 718 1275 797 est,
1313 715 1398 798 quod
1431 716 1466 778 in

317 818 416 884 Vrbis
440 821 641 887 bibliotheca
663 824 802 908 quadam
825 824 967 888 codicem
990 823 1214 907 indagavimus
1240 842 1257 883 e
1280 821 1465 904 disparibus

316 926 442 991 schedis
480 933 703 1013 compactum,
738 930 855 1014 quibus
894 930 1037 993 eruditus
1075 928 1192 1010 homo,
1229 927 1395 998 Romanus
1429 932 1467 991 ut

319 1033 453 1119 videtur,
477 1036 613 1099 saeculis
637 1034 765 1118 quidem
791 1036 856 1099 nisi
879 1036 1022 1100 fallimur
1044 1034 1122 1100 XVI
1147 1040 1180 1099 et
1202 1033 1297 1098 XVII
1321 1035 1466 1118 amplam

317 1141 563 1225 inscriptionum
588 1142 770 1226 congeriem
799 1143 965 1208 mandavit
992 1143 1112 1226 partim
1135 1142 1342 1227 postmodnm
1367 1141 1467 1205 edita-

318 1271 389 1312 rum
419 1248 540 1332 partim
569 1248 672 1313 adhuc
699 1271 765 1313 non
795 1251 1010 1334 cognItarum.
1062 1249 1124 1325 Qui
1152 1249 1251 1313 codex
1280 1249 1335 1312 ubi
1363 1249 1469 1312 lateat

318 1359 388 1419 tum
418 1354 652 1423 declarabimus
681 1379 872 1440 omnemque
899 1357 968 1421 eius
996 1356 1138 1421 indolem
1167 1356 1349 1420 accuratius
1374 1377 1466 1420 enar—

319 1463 474 1546 rabimus,
493 1486 565 1529 oum
584 1465 673 1547 ipsas
692 1464 931 1547 inscriptiones,
951 1469 1165 1547 quotcumque
1187 1463 1296 1526 insunt
1314 1461 1469 1545 ineditae,

316 1591 374 1653 per
396 1570 457 1634 has
481 1571 649 1655 praefandi
672 1570 932 1654 opportunitates
955 1566 1232 1655 protulerimus.*)
1268 1569 1377 1653 Atque
1404 1569 1466 1633 uti-

314 1700 389 1742 nam
428 1677 492 1742 iam
529 1678 652 1760 perfrui
688 1678 877 1761 plenissimo
910 1678 968 1742 illo
999 1678 1254 1761 Inscriptionum
1286 1677 1465 1740 latinarum

316 1781 482 1849 Thesauro
511 1783 623 1849 liceret
650 1787 818 1868 tantopere
851 1784 892 1848 ab
916 1785 1065 1849 omnibus
1089 1784 1247 1868 expetito,
1275 1783 1366 1848 cuius
1390 1804 1466 1864 pro—

316 1890 411 1954 dendi
440 1912 529 1974 spem
558 1891 777 1975 gratissimam
805 1891 845 1954 ab
877 1889 959 1956 Olao
982 1890 1209 1956 Kellermarmo
1234 1888 1328 1955 Dano
1358 1894 1466 1953 osten·

288 2001 420 2062 ⁴tatam
452 2020 541 2063 mors
577 2000 785 2080 praematura
823 1997 1014 2082 gnavissimi
1047 1997 1260 2062 adulescentis
1294 1996 1466 2079 inopinato

316 2104 462 2168 abstulit.
508 2104 649 2168 Difficile
677 2106 726 2168 est
750 2104 855 2187 enim,
883 2108 940 2168 aut
968 2107 1004 2167 ut
1027 2103 1132 2167 verius
1162 2103 1280 2186 dicam,
1310 2102 1381 2166 fieri
1411 2103 1467 2166 vix

316 2232 353 2274 ac
382 2233 423 2275 ne
451 2211 505 2275 vix
533 2211 662 2295 quidem
690 2214 814 2293 potest,
842 2214 878 2274 ut
906 2210 973 2275 sine
1003 2209 1121 2274 erroris
1145 2209 1302 2293 periculo,
1332 2210 1467 2294 vulgata

315 2339 416 2382 necne
440 2318 483 2381 sit
506 2317 676 2401 quaepiam
695 2317 872 2400 inscriptio,
895 2316 992 2381 hodie
1016 2318 1211 2402 exploretur:
1235 2319 1363 2381 tantum
1387 2338 1466 2381 oon-

316 2427 384 2487 stat
406 2429 534 2507 praeter
557 2423 731 2507 ampliores
751 2423 940 2506 easdemque
959 2423 1055 2488 facile
1074 2424 1237 2507 parabiles
1258 2423 1465 2488 collectiones

317 2531 532 2616 singularium
566 2530 600 2595 in
632 2529 694 2595 hoe
727 2551 845 2613 genere
872 2529 1057 2594 libellorum
1089 2552 1257 2594 numerum
1287 2551 1370 2612 esse,
1408 2531 1465 2614 qui

316 2638 411 2700 simul
441 2643 537 2723 atque
565 2640 599 2703 in
624 2638 730 2701 lucem
759 2641 834 2701 sunt
862 2635 984 2720 emissi,
1012 2659 1172 2701 rarescere
1205 2637 1238 2700 in
1262 2637 1333 2719 ipsa
1356 2637 1467 2719 patria

317 2744 437 2827 solent,
465 2744 506 2808 ad
538 2747 666 2808 nostras
700 2765 774 2809 oras
801 2764 841 2806 ue
868 2743 1048 2825 pervadunt
1076 2743 1213 2826 quidem.
1259 2742 1464 2828 Quamquam

317 2871 398 2933 quae
429 2871 516 2914 nunc
549 2872 734 2934 expromere
767 2850 911 2914 animum
944 2850 1141 2934 induximus,
1172 2850 1211 2914 de
1244 2849 1284 2913 iis
1313 2854 1465 2914 nostrum

316 2957 470 3021 iudicium
493 2957 589 3043 longe
613 2958 809 3042 gravissima
833 2957 901 3022 eius
921 2956 982 3021 viri
1002 2956 1162 3021 sententia
1181 2957 1393 3042 confirmavit,
1412 2957 1466 3020 cui

316 3063 441 3147 primes
477 3065 512 3128 in
549 3065 768 3149 epigraphicis
803 3064 922 3128 litteris
955 3063 1123 3128 'communi
1161 3084 1273 3129 omnes
1305 3085 1466 3128 consensu

317 3171 480 3254 deferunt,
508 3172 704 3236 nobilissimi
731 3170 938 3256 eiusdemque
967 3170 1192 3234 humanissimi
1223 3168 1360 3236 Comitis
1384 3170 1465 3234 Bar-

317 3278 494 3343 tholomaei
522 3277 695 3363 Borghesi:
728 3278 817 3342 cuius
850 3277 935 3360 quod
963 3277 1103 3341 aureolis
1132 3277 1324 3360 quibusdam
1353 3278 1466 3342 obser-

317 3384 501 3449 vationibus
530 3385 578 3448 uti
610 3384 702 3467 licet,
734 3384 862 3467 insigne
894 3382 1010 3447 harum
1042 3406 1122 3467 quas
1154 3406 1239 3449 nunc
1270 3384 1465 3450 incohamus

318 3491 630 3556 commentationum
654 3491 751 3555 decus
776 3490 994 3573 deputandum
1018 3495 1077 3553 est.

311 3625 313 3630 ·
406 3596 655 3680 Inscriptionum
689 3619 706 3660 e
734 3595 879 3661 Romano
913 3595 1021 3659 codice
1055 3619 1075 3659 a
1106 3597 1201 3661 nobis
1228 3598 1464 3681 descriptarum

317 3726 377 3768 sua
403 3709 520 3788 sponte
547 3702 747 3787 intellegitur
775 3702 857 3767 alias
886 3703 958 3766 aliis
987 3703 1266 3788 memorabiliores
1294 3726 1373 3769 esse.
1419 3705 1466 3770 Et

319 3811 437 3875 eximia
456 3809 583 3896 quidem
603 3813 731 3893 praeter
750 3813 872 3874 ceteras
891 3831 957 3873 una
976 3813 1026 3874 est
1039 3831 1140 3893 eaque
1155 3810 1299 3874 omnium
1311 3811 1465 3896 maxima,

317 3940 398 4001 quae
427 3940 500 3982 cum
524 3939 685 3983 summam
714 3917 896 4001 argumenti
919 3916 1145 4002 cognationem
1168 3917 1289 3982 habeat
1311 3939 1384 3982 cum
1408 3919 1464 3984 do-

316 4027 460 4091 nationis
476 4027 692 4091 instrumento
707 4024 832 4090 Statiae
850 4025 959 4089 Irenes
975 4020 1039 4109 (ap.
1059 4021 1232 4089 Gruterum
1251 4048 1282 4108 p.
1303 4025 1399 4109 1081,
1421 4025 1465 4112 1),

317 4150 382 4158 —-
398 4152 528 4161 .-—--

390 4204 415 4267 *)
436 4200 615 4271 [Asserratur
637 4200 667 4255 in
690 4198 863 4256 bibliotheca
881 4197 1077 4253 Vallicelliana
1095 4200 1208 4254 notatus
1227 4197 1259 4253 a.
1278 4207 1321 4254 26.
1340 4200 1403 4269 fol,
1427 4201 1464 4258 cf.

317 4288 453 4343 Huschke
471 4290 489 4343 l.
509 4290 526 4345 i.
546 4307 567 4344 a.
587 4309 614 4359 p.
634 4297 658 4343 2.
674 4288 806 4344 Continet
823 4289 951 4343 ille—ut
969 4306 1042 4343 nunc
1061 4289 1336 4343 constat—schedas
1352 4288 1463 4344 loannis

318 4376 454 4431 Zaratinii
470 4376 625 4432 Castellinii
639 4378 797 4445 Favcnliui,
811 4379 845 4432 dc
860 4395 914 4448 quo
929 4377 994 4432 vide
1008 4376 1222 4433 Tiraboschinm
1235 4377 1309 4434 Stor.
1319 4379 1374 4434 lea.
1387 4378 1434 4432 VI
1434 4380 1455 4432 Ι
1457 4423 1464 4448 ,

319 4473 331 4520 l
348 4483 374 4539 p.
390 4472 442 4519 228
458 4470 487 4521 et
500 4466 659 4522 Henaenum
675 4467 705 4522 in
719 4467 810 4522 indice
825 4469 971 4523 auctorum
981 4467 1010 4522 C.
1025 4467 1045 4520 l.
1061 4467 1092 4520 L.
1108 4467 1154 4536 Vl,
1171 4473 1184 4520 1
1200 4485 1227 4536 p.
1242 4467 1338 4521 LVlll.
1368 4466 1463 4542 C.W.]
