3080 5142
494 339 778 386 svneusunurvn
802 340 835 384 v.
1172 323 1236 386 567

107 489 242 548 constare
263 483 303 546 de
325 504 442 546 novem
465 481 651 547 nominibus
675 480 807 546 deorum
835 487 989 565 putamus
1012 503 1085 546 cum
1110 481 1238 564 ports

107 588 176 654 ποκ’
202 589 360 674 religione
388 589 473 653 circa
500 593 649 673 tempora
671 587 783 652 Punici
812 587 890 652 belli
917 589 1013 671 primi
1040 589 1237 654 coniunctis:

106 720 175 780 quae
202 701 278 761 suut
306 694 544 781 Aequitatis*),
578 693 779 778 Aesculapii,
812 693 983 776 Bellonae,
1011 693 1099 776 Ceri,
1125 693 1238 778 Curae,

106 803 263 885 lavernae,
289 801 428 886 Salutis,
451 801 598 884 Saturni,
620 800 766 864 Vulcani.
798 798 882 864 Nam
901 823 942 864 ne
961 801 1000 864 de
1015 800 1152 866 Bellona
1170 804 1236 886 qui·

106 909 167 973 dem
189 909 358 974 dubitandi
382 913 435 972 sat
456 930 590 992 gravem
613 929 760 971 caussam
783 906 886 971 video.
932 905 1048 970 Micam
1073 930 1144 972 esse
1166 908 1237 972 ΒΕ-

107 1014 218 1081 total
240 1017 380 1080 formam
403 1014 490 1078 haud
512 1014 644 1078 infitior.
681 1013 785 1089 Quam
808 1035 873 1076 nou
897 1035 993 1096 posse
1015 1014 1143 1079 bellom
1165 1015 1237 1080 loco

105 1121 219 1205 haberi,
241 1122 411 1185 verissime
429 1119 651 1184 Mommsenus
674 1119 863 1203 disputavit
894 1118 963 1184 Nec
981 1121 1087 1205 magis
1107 1121 1236 1188 audien·

106 1227 165 1311 dns,
194 1251 290 1312 quem
322 1227 398 1291 novi
433 1228 473 1291 de
504 1226 633 1290 Bellula
664 1226 822 1308 cogitare,
854 1248 952 1310 quam
984 1227 1048 1290 dici
1076 1226 1235 1293 Venerem

104 1333 202 1400 voluit
233 1335 332 1399 Mitto
347 1335 479 1417 reliqua,
494 1355 577 1417 quae
595 1333 655 1397 tali
669 1333 932 1416 interpretationi
948 1333 1091 1417 obstant,
1109 1336 1233 1420 omnia3

106 1463 188 1504 unum
211 1440 292 1505 illud
316 1439 434 1523 respici
452 1439 558 1517 iubeo,
581 1439 622 1503 ab
642 1439 792 1504 omuibus
810 1439 896 1523 quod
918 1440 1017 1504 sciam
1037 1440 1235 1525 neglectum:

103 1547 190 1629 ipsius
212 1547 291 1612 deae
314 1547 504 1630 imaginem,
527 1549 565 1609 ut
587 1545 741 1610 stabula
763 1551 877 1611 nostra
898 1545 933 1610 P.
957 1545 992 1610 L.
1015 1546 1058 1611 M.
1081 1548 1119 1612 E.
1142 1547 1189 1612 xl
1204 1549 1234 1614 G

102 1652 274 1735 planissime
297 1657 450 1737 apparet,
479 1653 673 1738 anguibus
701 1653 887 1718 crinitum
913 1659 1029 1737 caput
1057 1655 1235 1736 ostendere,

103 1759 173 1843 qnod
197 1782 294 1844 quam
317 1765 368 1824 est
391 1784 410 1823 a
432 1758 569 1824 Veneris
598 1760 798 1844 cogitatione
827 1760 982 1845 alienum,
1014 1765 1081 1826 tem
1106 1763 1139 1826 in
1162 1763 1235 1827 Bel·

102 1868 182 1932 lonae
207 1867 351 1932 indolem
382 1868 530 1952 apprime
557 1866 718 1932 convenit.
764 1866 856 1942 Quod
884 1889 957 1931 oum
987 1869 1035 1933 ita
1063 1869 1120 1952 sit,
1151 1869 1233 1934 illud

103 1974 264 2039 curandum
291 1975 367 2057 erit,
398 1977 435 2038 nt
460 1995 526 2038 non
553 1972 736 2037 necessario
765 1972 939 2038 abhorrere
968 1973 1009 2039 ab
1038 1975 1233 2059 antiquitate

103 2081 216 2164 linguae
240 2081 339 2146 talem
364 2081 375 2145 l
397 2085 430 2144 et
451 2103 474 2144 n
497 2078 694 2164 liquidarum
716 2081 990 2162 permutationem
1010 2081 1233 2166 intellegatur:

103 2207 170 2268 qnae
188 2188 335 2272 quamvis
355 2187 514 2272 singulari
534 2187 681 2269 exemplo
700 2184 913 2270 contineatur,
936 2191 1046 2252 tamen
1060 2187 1146 2253 haud
1165 2189 1232 2253 scio

103 2315 135 2355 an
164 2295 300 2359 aliarum
333 2294 541 2358 affectionum
572 2314 639 2358 non
671 2293 778 2356 minus
813 2291 1028 2378 singularium
1060 2315 1233 2380 earumque

103 2399 168 2464 item
193 2402 234 2465 ad
260 2405 476 2466 consonantes
509 2401 740 2484 pertinentium
775 2401 930 2484 exemplis
958 2400 1162 2487 defendatur,
1194 2405 1233 2468 de

103 2508 204 2588 quibus
228 2508 380 2593 quoniam
404 2508 546 2572 breviter
568 2530 634 2572 nou
657 2511 779 2590 potest,
803 2507 868 2584 elio
891 2507 964 2572 loco
988 2509 1119 2573 dicetur.

176 2723 290 2787 Eidem
307 2721 570 2807 Zangemeistero
594 2717 812 2803 Agathonis
836 2719 979 2784 titulus
1002 2719 1137 2785 debetur
1156 2727 1232 2787 ante

103 2849 156 2892 non
178 2829 290 2912 editus,
313 2851 408 2913 quem
431 2827 546 2892 tabula
569 2825 779 2911 lithographa
801 2825 933 2890 exhibet
955 2827 1015 2891 sub
1035 2824 1068 2891 O.
1113 2826 1230 2912 Reper-

103 2937 145 2999 tus
166 2941 213 3001 est
235 2936 291 3000 ille
314 2937 348 3000 in
372 2955 452 3020 agro
475 2933 615 3015 Verane,
638 2955 712 2998 cum
735 2932 962 2998 coemeterium
986 2933 1074 2998 aedis
1098 2933 1130 2999 S.
1148 2935 1232 3000 [Alce

103 3045 181 3107 rentii
200 3049 288 3108 extro
310 3063 417 3106 moros
439 3041 527 3106 ultra
553 3038 711 3124 pristinos
740 3041 820 3104 fines
843 3023 1031 3124 promotum
1054 3046 1117 3107 est:
1147 3064 1285 3110 nuncxrr

103 3153 195 3215 antem
230 3151 263 3215 in
300 3147 426 3214 horreis
463 3146 566 3212 musei
604 3145 781 3230 Capitolini
818 3151 974 3211 servatur.
1033 3146 1232 3214 Vetustioris

103 3256 216 3341 mutis,
247 3277 345 3341 quam
374 3254 446 3319 sole
474 3253 653 3338 scripturae
681 3254 803 3336 species
831 3256 983 3336 testatur,
1016 3253 1081 3318 alia
1113 3254 1232 3318 indicia

104 3363 176 3424 certa
201 3362 290 3432 nulla
318 3365 408 3426 sunt:
440 3363 517 3444 post
544 3359 687 3424 medium
714 3360 842 3424 demum
873 3359 1035 3424 saeculum
1059 3361 1231 3444 septimum

103 3453 207 3533 lactum
230 3491 301 3534 esse
318 3474 331 3532 t
347 3468 478 3532 litterae
501 3453 656 3549 aspiratio
680 3466 870 3531 documento
896 3471 953 3531 est.
992 3465 1118 3532 Mutilis
1145 3489 1231 3532 nunc

103 3571 204 3640 litteris
226 3576 322 3660 plene
345 3574 533 3658 perscriptis
552 3573 614 3637 hoc
632 3569 741 3657 prodit
759 3573 979 3659 inscriptionis
997 3573 1230 3659 fragmentum:

386 3680 763 3764 lapatbONI·L

537 3785 843 3851 canucio-LI

543 3891 848 3959 CONLEGEIS

480 3998 846 4064 tARQVITI·PO

507 4099 854 4170 AGATHONIS·F

176 4265 298 4332 ⁸)Hsnc
317 4277 463 4319 ananum
482 4261 602 4318 nominis
621 4260 882 4332 interpretationem
901 4260 993 4315 nescio
1012 4279 1069 4330 qua
1087 4261 1227 4318 oblivione

105 4345 127 4402 P.
143 4351 168 4405 t.
186 4351 221 4406 Μ.
239 4353 272 4407 Ε.
291 4351 386 4407 Enarr.
405 4371 431 4422 p.
448 4359 481 4406 lb
504 4351 575 4406 mihi
593 4350 692 4418 tribui,
721 4367 805 4420 quam
828 4349 981 4419 Beruaysio
999 4349 1227 4420 Mommsenoquo

105 4429 184 4494 deberi
200 4441 415 4498 rectodixeram
435 4459 534 4497 comm.
554 4441 589 4496 de
607 4441 663 4496 fiet.
682 4441 737 4496 litt.
757 4457 782 4510 p.
800 4445 832 4493 19
846 4455 887 4507 sq.
906 4439 1003 4510 [supra
1020 4458 1047 4510 p.
1063 4441 1136 4514 283}
