2948 5048
490 331 743 378 corrnnu'mrro
768 331 882 378 emon.
1196 314 1255 377 187

60 474 292 544 crebruisse
315 474 490 559 Lipsioque
514 473 694 538 innotuisse
717 476 865 556 apparet,
895 496 935 536 ns
963 495 1002 537 ea
1025 473 1153 556 quirlern
1176 494 1257 556 qnae

58 605 186 648 cum
201 579 403 645 Panviniano
422 580 506 645 libro
526 580 660 664 vulgata
683 601 753 644 esse
772 585 847 644 ante
866 579 946 661 dixi,
970 580 1024 642 ubi
1043 581 1144 643 multo
1163 579 1258 663 plura

56 710 210 773 quarn
233 710 253 751 a
274 686 386 771 Lipsio
414 690 500 750 recte
530 685 679 767 expedita
707 687 790 749 sunt.
836 684 1002 749 Tredecim
1033 685 1161 748 demum
1183 688 1259 768 post

55 795 207 861 annis
234 794 352 877 integri
380 792 471 857 tituli
493 792 615 857 Romae
644 815 664 855 a
691 814 725 855 se
752 793 939 875 transcripti
967 791 1149 873 exemplum
1177 791 1257 854 inte-

54 920 218 985 grum,
240 921 437 986 quamquam
460 898 540 963 illud
563 898 597 961 in
620 899 770 964 extremis
799 899 944 963 versibus
973 898 1257 982 neglegentissime

53 1006 248 1090 factum,
272 1008 356 1072 idem
375 1005 506 1089 Lipsius
529 1006 706 1088 publicavit
728 1007 762 1069 in
787 1028 845 1069 suo
869 1005 909 1069 ad
934 1004 1047 1068 Smetii
1070 1005 1258 1087 Inscriptio·

53 1133 147 1177 nes
188 1115 345 1180 Auctario
369 1135 453 1178 anno
474 1131 727 1179 elmonxxxvm
751 1112 851 1176 edito:
875 1112 969 1175 simul
993 1115 1099 1175 autom
1119 1111 1257 1175 alterum

52 1221 295 1305 exemplum
318 1219 407 1284 tituli
430 1219 533 1283 multo
556 1219 683 1301 plenius
711 1240 808 1303 quam
832 1219 911 1283 olim
936 1218 1119 1282 coniectura
1148 1238 1258 1280 recon-

54 1320 237 1391 cinnas
264 1326 403 1409 addidit,
434 1326 499 1390 nisi
527 1325 613 1410 qnod
640 1325 694 1389 hie
722 1348 849 1410 quoque
873 1328 1034 1390 extremos
1058 1347 1170 1388 versus
1193 1347 1258 1389 non

56 1430 234 1518 attigit.
279 1433 372 1498 Vnde
399 1436 570 1516 utrumque
599 1433 631 1496 in
661 1454 753 1495 suum
778 1429 904 1515 Corpus
933 1431 1120 1496 Gruterus
1151 1432 1171 1496 l.
1191 1455 1215 1495 s.
1234 1455 1259 1495 s.

58 1542 249 1625 recepit,
272 1540 533 1607 reconcinnatum
555 1538 651 1603 etiam
673 1537 859 1602 Graevius
883 1539 1015 1602 iteravit
1033 1538 1127 1603 Thes,
1147 1538 1258 1623 Antiq.

62 1641 92 1699 t.
123 1640 204 1709 IV
226 1670 256 1731 p.
279 1648 372 1712 1831.
404 1644 554 1710 Ceterum
581 1667 646 1709 non
671 1667 740 1709 eam
765 1644 868 1727 Lipsii
896 1646 930 1709 in
959 1645 1021 1710 hoc
1050 1667 1164 1729 genere
1188 1645 1257 1709 dili·

67 1753 257 1823 generum
290 1752 403 1835 fuisse,
436 1756 472 1815 ut
503 1774 569 1817 non
599 1752 817 1835 compluribus
850 1753 884 1815 in
916 1752 997 1817 locis
1025 1753 1105 1816 satis
1133 1752 1261 1817 diversa

70 1844 125 1911 (le
162 1859 349 1945 superstite
373 1859 533 1942 scriptura
560 1862 592 1922 et
619 1859 699 1923 haee
723 1858 786 1922 duo
814 1858 961 1941 exempla
989 1863 1021 1921 et
1048 1881 1157 1924 rursus
1181 1860 1260 1922 illud

75 1964 203 2033 quod
224 1966 301 2032 olim
326 1963 472 2030 ediderat
494 1968 662 2048 testentur,
689 1964 774 2028 infra
803 1966 981 2049 apparebit.
1029 1965 1065 2028 ln
1089 1965 1286 2049 supplendir

79 2067 223 2136 &utem
245 2094 345 2156 opera
367 2092 445 2135 num
467 2071 550 2136 forte
573 2070 684 2155 Lipsio
708 2071 943 2137 Panvinianum
968 2073 1149 2155 exemplum
1169 2094 1261 2155 prae-

83 2166 157 2233 διο
197 2178 307 2258 tuerit,
340 2200 478 2263 quocum
510 2182 621 2243 tamen
649 2180 760 2263 praecis
789 2160 916 2245 tantum
945 2181 978 2244 in
1006 2179 1086 2243 locis
1115 2179 1163 2242 illi
1188 2201 1260 2243 con-

87 2280 217 2367 venit,
239 2306 306 2348 non
329 2284 435 2369 magis
458 2306 554 2368 quarn
577 2284 657 2349 illud
678 2287 879 2369 exploratum
903 2289 960 2368 est,
983 2309 1060 2349 num
1080 2285 1158 2369 quid
1176 2284 1260 2349 forte

89 2394 109 2434 θ
143 2380 264 2476 Pighii
288 2390 374 2454 euris
397 2412 457 2474 per
478 2390 606 2454 litteras
635 2395 671 2455 ut
694 2392 732 2455 fit
755 2413 861 2456 seeum
886 2391 1132 2456 communicatis
1152 2387 1261 2473 (quale

91 2477 191 2558 illud
225 2497 265 2561 de
298 2495 548 2562 EXFOOIONT
579 2498 643 2561 fuit
679 2499 762 2581 quod
799 2521 896 2581 supra
929 2496 1039 2584 tetigi)
1075 2496 1260 2580 profecerit:

94 2604 240 2669 quando
267 2606 336 2667 tam
369 2603 474 2667 multa
501 2626 601 2687 eaque
634 2625 672 2667 ex
704 2610 797 2687 parte
824 2608 893 2668 tam
924 2605 1104 2688 singularia
1132 2602 1260 2686 Lipsius

97 2688 315 2795 Pighiusque
339 2711 522 2774 eommunia
545 2710 666 2774 habent
693 2714 741 2793 ut,
768 2711 829 2774 etsi
857 2715 1008 2775 neutrum
1036 2715 1149 2775 neuter
1176 2731 1259 2773 com·

101 2818 288 2900 memorat,
320 2819 432 2880 tamen
458 2839 525 2881 non
551 2817 657 2900 possit
685 2817 874 2882 alterutrius
902 2819 1034 2882 inventa
1062 2818 1144 2882 alter
1170 2817 1260 2901 igno·

104 2924 213 2989 rasse·
257 2921 345 2987 Nam
368 2922 522 3007 Lipsiano
547 2923 702 2987 Auctario
731 2923 792 2987 etsi
821 2925 926 3007 potuit
954 2946 1031 2988 sane
1056 2923 1204 3007 Pighius,
1234 2921 1261 2985 si

10 3060 12 3065 ·
108 3026 185 3091 l¹0flt
217 3052 339 3095 annum
368 3046 618 3096 clolonxxxvnl
652 3029 828 3114 scribebat,
858 3029 1024 3095 commode
1057 3029 1119 3112 uti,
1151 3032 1261 3091 tamen

112 3114 276 3199 dnbitatio
310 3134 383 3199 inde
415 3135 572 3219 nascitur,
605 3135 690 3219 quod
722 3140 788 3199 tam
821 3157 925 3218 pauca
957 3135 1103 3219 Lipsium
1136 3135 1262 3218 aliquot

115 3234 182 3298 “lle
223 3242 317 3307 annis
349 3241 534 3306 meditando
568 3241 746 3325 expediisse
774 3264 812 3306 ex
841 3242 1056 3325 Antiquarum
1087 3242 1261 3306 lectionum

116 3327 209 3411 libris
231 3349 433 3432 perspicitur.
468 3347 558 3423 Quae
580 3370 653 3412 cum
676 3349 723 3412 ita
746 3348 824 3431 sint,
848 3348 934 3412 haud
959 3348 1025 3413 scio
1050 3371 1091 3411 an
1114 3370 1179 3411 non
1202 3347 1260 3410 fal-

116 3434 201 3513 lstur
231 3456 326 3540 quie
350 3453 513 3519 communi
539 3452 643 3537 fonte,
671 3455 760 3519 euius
789 3455 988 3519 mentionem
1015 3453 1116 3518 faeiat
1138 3458 1261 3536 neuter,

114 3551 286 3644 lllmanne
309 3560 458 3625 hausisse
482 3582 541 3624 sua
565 3561 749 3626 coniecerit:
773 3562 827 3645 qui
847 3564 896 3626 est
914 3561 1000 3626 docti
1019 3560 1158 3644 Hispani
1178 3560 1262 3624 liber

115 3665 273 3745 perutilis.

208 3771 293 3848 Quae
316 3774 402 3839 enim
426 3773 585 3838 Thesauri
609 3772 779 3839 Graeviani
803 3780 891 3839 torno
914 3774 962 3839 IV
985 3776 1059 3840 inde
1083 3797 1102 3838 a
1124 3796 1154 3857 p.
1177 3771 1259 3837 1807

10 3900 12 3915 ²
121 3880 240 3948 inserta
262 3884 311 3946 est
328 3880 454 3946 Pnrm
474 3880 693 3948 Clnccouu
717 3882 865 3948 Toletani
891 3882 939 3946 ‘In
955 3883 1122 3946 columnae
1141 3882 1260 3944 rostra·

124 3996 179 4059 tae
200 3980 433 4073 inscriptionem
458 4014 478 4055 a
501 4013 535 4055 se
558 3991 742 4056 coniectura
767 3993 949 4074 suppletam
974 3984 1169 4072 explicatio’,
1192 3986 1261 4050 eius

130 4084 245 4186 quidem
281 4097 508 4180 supplementa
545 4095 646 4182 (quae
684 4096 780 4160 etiam
818 4097 927 4181 Pighii
965 4097 1111 4179 exemplo
1151 4093 1260 4176 ‘typo-

129 4192 274 4299 graphus'
311 4200 558 4286 Antverpiensis
600 4202 778 4285 subiunxit,
820 4202 907 4266 Flori
949 4202 1081 4267 editioni
1120 4221 1197 4265 suae
1234 4221 1261 4262 a.

130 4315 325 4383 cmloccxxn
356 4307 532 4373 Dukerus
570 4308 707 4373 inseruit
737 4331 767 4391 p.
792 4308 856 4372 928
882 4331 963 4393 sqq,
1000 4309 1130 4392 repetiit
1163 4306 1261 4372 etiam

125 4412 302 4492 Funccins
327 4414 366 4479 de
388 4415 529 4498 pueritia
553 4415 675 4479 latinae
698 4416 828 4500 linguae
851 4437 881 4499 p.
909 4413 986 4502 119)
1014 4415 1047 4478 in
1070 4414 1165 4479 rebus
1189 4434 1262 4479 euni
