3062 5142
615 1174 688 1260 IX.

255 1327 314 1414 De
343 1329 523 1435 sepulcro
541 1329 761 1416 lariorum
790 1327 1046 1427 Tusculanen

403 1491 521 1560 (accedit
538 1490 636 1546 tabula
654 1488 901 1560 lithographa**)).

599 1670 705 1678 ann——

157 1827 380 1894 Nobilissimo
404 1828 590 1913 Scipionum
615 1829 762 1913 sepulcro
786 1833 823 1893 ut
846 1829 951 1912 impar
975 1828 1134 1914 dignitate
1158 1832 1222 1896 elo·
1232 1849 1270 1889 111

82 1935 264 2020 giorumque
292 1936 452 2019 ubertate,
474 1937 521 2001 ita
545 1939 653 2001 aetate
677 1937 825 2018 superius
850 1936 1066 2020 sepulcrum
1087 1937 1224 2001 Furiae

84 2043 198 2121 gentis
235 2043 384 2125 exstitit,
417 2065 501 2108 anno
527 2043 614 2108 1665
641 2064 752 2108 mense
781 2042 888 2126 Aprili
912 2042 1045 2106 Tusculi
1072 2043 1223 2122 effossum

83 2146 110 2208 in
130 2149 223 2213 tescia
248 2149 486 2215 monachorum
503 2147 813 2215 Camalduleusium:
837 2149 927 2214 cuius
946 2149 1138 2214 brevissima
1160 2149 1224 2232 cpi·

83 2261 253 2333 gmrnmata
273 2277 345 2320 non
363 2256 547 2322 dubitamus
566 2257 630 2340 ipsi
650 2257 763 2343 quinto
783 2257 824 2320 ab
846 2279 875 2321 u.
889 2277 915 2320 c.
930 2256 1059 2321 saeculo
1073 2255 1224 2319 tribuere.

84 2357 161 2433 Quod
182 2363 376 2448 sepulcrum
399 2364 494 2448 quale
524 2364 623 2429 fuerit
651 2367 684 2428 et
707 2362 868 2449 quomodo
895 2367 1072 2446 repertum,
1100 2361 1224 2427 duobus

83 2470 258 2534 metoribus
299 2473 439 2536 constat:
479 2471 585 2555 primo
618 2469 747 2555 quidem
781 2468 917 2535 Octavio
949 2468 1139 2534 Falconerio
1171 2468 1222 2532 ln·

84 2573 292 2657 scriptionum
311 2576 539 2642 athleticarum
553 2576 677 2641 Romae
701 2597 728 2640 a.
748 2575 830 2640 1668
851 2575 1010 2639 editarum
1025 2597 1055 2658 p.
1068 2575 1130 2638 143
1147 2596 1224 2659 sqq„

83 2677 109 2740 in
122 2678 325 2747 tironos-iani
343 2683 499 2749 Thesauri
519 2689 542 2748 t
557 2682 639 2749 VIII
657 2684 848 2748 iteratarum
868 2705 898 2767 p.
913 2683 999 2747 2348
1016 2704 1097 2766 sqq.:
1121 2681 1223 2746 altero
1260 2712 1265 2722 ·

84 2782 251 2853 Athanasio
283 2785 440 2854 Kirchero
463 2789 550 2855 Latii
581 2790 630 2853 sui
658 2811 685 2853 a.
709 2790 838 2854 demum
860 2789 942 2853 1671
969 2786 1223 2853 Amstelaedami

84 2891 237 2978 publicati,
273 2895 449 2980 conscripti
477 2901 513 2962 ut
541 2897 669 2961 videtur
691 2916 775 2961 anno
801 2895 901 2977 1670,
928 2899 1011 2979 part.
1035 2893 1051 2957 l
1075 2895 1179 2978 capite
1203 2894 1223 2958 3

84 3017 108 3078 p.
123 2999 161 3062 64
178 3023 249 3086 sqq.
307 2999 452 3076 Quorum
479 3001 575 3066 fidem
606 3024 672 3067 uon
703 3002 867 3067 immerito
897 3002 942 3066 sic
971 3001 1224 3083 aestimabimus,

84 3105 219 3170 utillum
243 3106 338 3172 haud
361 3108 472 3192 paullo
501 3108 684 3173 accuratius
712 3129 785 3173 cum
813 3129 880 3172 rem
905 3129 1032 3172 omnem
1057 3131 1223 3175 enarrasse

84 3215 223 3298 erutaque
252 3235 275 3278 c
307 3214 404 3279 terris
433 3220 643 3293 monumenta
676 3215 742 3279 suis
775 3214 877 3280 oculis
906 3214 1121 3300 examinasse,
1152 3221 1223 3280 tum

85 3316 271 3402 singularum
297 3342 379 3404 quae
407 3320 441 3386 iu
464 3322 613 3405 sepulcro
641 3325 789 3405 repertae
819 3323 896 3385 sunt
920 3329 1065 3385 arcarum
1089 3321 1222 3405 inscrip-

85 3424 175 3491 tiones
192 3427 312 3514 fignris
331 3431 593 3512 repraesentasse
607 3428 768 3492 dicamus:
791 3426 877 3491 hunc
896 3427 938 3491 ob
957 3426 1101 3492 additam
1121 3427 1222 3509 ipsius

84 3535 205 3615 sepulcri
220 3534 403 3620 imaginem
417 3536 593 3602 laudemus.
626 3535 711 3602 Nam
726 3535 955 3644 inscriptiones
970 3535 1098 3619 quidem
1112 3555 1222 3618 quam·

89 3699 290 3714 hu...—

160 3797 522 3869 ‘)[Prooeminm1udicis
547 3799 704 3854 scholarum
728 3799 906 3854 hibernarum
925 3797 1113 3854 Bonnensium
1137 3813 1222 3851 anno·

85 3899 134 3936 ram
152 3885 381 3943 clomcccnffl
400 3888 429 3942 et
446 3887 515 3942 LIV.
560 3887 736 3958 Bibliopolas
764 3887 898 3943 traditum
922 3885 1028 3956 prodiit
1050 3884 1148 3940 addita
1169 3885 1223 3940 hac

85 3971 267 4045 ascriptione:
294 3975 349 4030 ‘De
367 3959 495 4046 sepulcro
514 3977 661 4031 Furiarum
682 3977 840 4033 Tusculano
865 3975 1020 4045 disputatio
1039 3975 1223 4046 grammatica

85 4059 120 4116 Fr.
134 4063 289 4120 ltitschelii.
321 4065 440 4120 Accedit
458 4066 615 4136 exemplum
635 4065 854 4136 lithographum.
880 4064 1004 4121 Berolini
1024 4065 1113 4119 1853!
1148 4063 1221 4118 Vide

86 4151 191 4208 uancC.
210 4155 231 4207 1.
251 4154 283 4208 L.
306 4153 318 4205 l
346 4171 373 4206 n.
393 4159 514 4209 ott-72.
535 4161 583 4219 633
614 4155 644 4208 P.
665 4154 695 4208 h.
715 4155 752 4212 M.
771 4154 802 4210 E.
831 4153 887 4209 tab.
908 4152 996 4207 XLIX
1020 4153 1154 4222 Aa-lr,
1179 4151 1220 4220 B;

86 4235 168 4298 linarr.
186 4261 214 4312 p.
233 4249 277 4297 42.
316 4240 346 4298 C.
361 4241 418 4312 W.]

145 4331 185 4400 ³⁸]
208 4331 334 4403 [Tabula
352 4331 418 4385 v111
440 4330 514 4386 idem
539 4332 695 4402 exemplum
720 4331 865 4388 exhibetur
892 4333 979 4401 atque
1003 4329 1070 4385 olim
1094 4330 1225 4386 adhaesit

88 4415 141 4471 haic
157 4417 387 4476 commentationi
405 4420 435 4474 et
453 4419 585 4475 iteratum
604 4421 648 4474 est
666 4419 695 4474 P.
716 4419 745 4475 L.
765 4419 802 4473 Μ.
823 4417 852 4474 a.
872 4417 901 4471 in
919 4421 1000 4488 parte
1020 4419 1160 4490 superiore
1179 4423 1222 4476 ta-

87 4503 156 4560 bulae
174 4509 270 4565 xalx.
308 4508 412 4578 C.W.]

132 4615 168 4654 aa
181 4617 333 4652 arascaaau
348 4615 481 4652 orvscvaa
497 4617 532 4650 ιν.
975 4603 1006 4651 17
