3080 5142
472 415 756 464 surrunusuuvu
779 414 801 460 1.
1145 398 1209 462 507

94 559 349 622 monumentorum
388 560 536 643 exemplo
573 559 765 623 confirmare
802 556 886 621 licet
946 555 994 620 De
1027 555 1147 621 extrita
1179 557 1213 622 iu

94 659 344 749 Rocdrlduluois
366 668 400 730 et
422 687 441 728 r
463 670 496 730 et
518 667 532 731 i
553 667 664 730 littera
686 685 759 730 cum
778 663 919 728 diximus
943 663 1021 728 alibi
1039 666 1109 728 tum
1128 684 1212 728 com·

94 769 171 833 modo
187 769 335 836 dicemus
373 769 520 836 Genetivi
546 774 655 836 autem
679 793 750 836 cum
774 771 839 835 alio
862 791 939 834 casu
962 769 1127 834 incudem
1145 791 1212 833 mo·

93 879 224 942 numento
242 877 515 943 consociationem
535 878 597 942 etsi
616 899 675 961 per
692 899 727 942 se
745 898 811 941 non
832 881 881 941 est
900 898 956 941 cur
974 876 1079 961 magis
1096 875 1213 940 mirere

93 1003 171 1064 quum
189 984 308 1048 sociata
325 981 568 1060 MIRQVRIOS
592 987 626 1048 et
643 980 936 1048 ALIXENTROM
954 982 989 1046 in
1006 981 1213 1048 Berolinensi

94 1089 212 1174 speculo,
242 1089 351 1156 IVNO
379 1088 582 1156 flauenti:
609 1093 643 1154 et
669 1087 795 1154 IOVEI
822 1088 857 1152 in
884 1087 1094 1153 Kircheriano
1122 1088 1213 1173 (nam

93 1215 139 1258 uec
158 1195 194 1260 de
216 1198 397 1264 accusativo
421 1194 712 1264 otlanTROM
734 1217 794 1262 nec
817 1196 856 1260 de
880 1194 989 1260 dativo
1009 1193 1134 1261 IOVEI
1158 1196 1212 1261 du-

94 1300 269 1390 bitandum),
293 1309 405 1369 tamen
431 1306 531 1370 trium
559 1325 692 1369 casuum
718 1303 753 1368 in
781 1302 913 1386 speculo
937 1300 1064 1369 Cosano
1092 1304 1213 1368 iuncto-

95 1427 162 1492 rom,
182 1407 322 1475 VENOS
345 1409 539 1476 nominativi
563 1431 636 1475 cnm
658 1408 832 1475 DlovnM
855 1411 1039 1475 accusativo
1063 1414 1097 1475 et
1119 1430 1212 1495 gene·

95 1513 149 1576 tiro
169 1513 448 1601 PROSEPNMS,
472 1517 578 1582 simile
602 1517 687 1601 quod
710 1517 850 1582 sciamus
869 1517 1052 1601 exemplum
1070 1516 1212 1582 nondum

97 1617 242 1686 inuentum
263 1628 320 1689 est.
365 1623 546 1688 Fatendum
575 1628 625 1688 est
648 1624 733 1688 enim
760 1623 799 1688 de
823 1623 938 1688 talium
961 1624 1139 1690 formarum
1162 1646 1213 1688 ra·

97 1725 168 1789 tione
183 1726 340 1796 Francisci
354 1729 544 1795 Buecheleri
562 1730 667 1796 nostri
686 1729 833 1815 quamvis
852 1729 965 1795 subtili
984 1731 1214 1815 disputatione,

98 1851 164 1913 quae
188 1838 235 1898 est
263 1837 295 1900 in
323 1835 429 1901 Musei
456 1833 558 1901 Rhen.
586 1839 610 1901 t.
633 1834 695 1900 XV
722 1859 752 1920 p.
771 1835 837 1900 444
861 1857 921 1919 sq,
958 1837 1147 1903 certissimis
1175 1838 1214 1902 de

98 1941 200 2005 auseis
224 1943 314 2008 nobis
342 1965 408 2008 uon
435 1964 627 2028 persuasum
655 1964 734 2007 esse.
768 1979 805 1988 -
840 1939 990 2008 Ceterum
1022 1943 1061 2006 de
1088 1943 1214 2009 veriore

98 2039 145 2106 hac
172 2045 383 2132 inscriptionis
415 2050 553 2115 lectione
585 2050 656 2132 ipse
688 2047 754 2113 iam
781 2047 945 2113 Bruunius
978 2049 1147 2114 admonuit
1179 2051 1214 2116 in

99 2145 274 2219 ‘sollertius’
289 2154 368 2221 lust.
386 2155 479 2222 Rom.
499 2178 527 2220 a.
543 2156 628 2221 1862
647 2177 677 2238 p.
692 2156 722 2220 6.
758 2152 818 2236 [Of.
835 2153 998 2239 Supplem.
1013 2153 1063 2219 III
1081 2178 1112 2240 p.
1126 2155 1212 2238 ΧΠ]

169 2257 263 2326 Porro
293 2285 410 2328 novam
443 2263 503 2327 sub
531 2261 558 2328 0
584 2266 771 2326 tesseram
804 2261 1082 2347 gladiatoriam
1116 2259 1164 2344 [Ο.
1189 2263 1267 2328 lxv

100 2357 159 2426 bl
182 2389 210 2432 n.
230 2369 308 2434 1537
336 2393 367 2454 p.
391 2369 470 2452 5603
508 2367 634 2433 Ritschl
663 2366 818 2433 Tesserae
851 2367 937 2453 glad.
969 2391 1000 2434 n.
1026 2368 1067 2434 19
1105 2369 1214 2455 ibique

101 2467 240 2556 uuor]

479 2668 816 2737 ANTFlltOS

480 2818 651 2886 AOILI

441 2970 494 3038 ΒΡ
529 3008 535 3021 -
568 2971 624 3037 ΙΙ)
660 3007 666 3020 -
696 2970 798 3047 QVI

440 3120 856 3189 GN·OOR·L·MAR

104 3319 265 3394 stillarum
287 3327 528 3394 multitudinem
552 3327 746 3411 addidimus,
774 3350 853 3412 quas
877 3351 902 3399 a
915 3325 1082 3393 Clemente
1106 3325 1215 3392 Cardi-

103 3429 155 3493 11uli
174 3433 243 3498 olirn
261 3437 431 3520 congestas
450 3435 484 3498 in
497 3433 695 3518 Diplomatis
714 3433 946 3518 imperialibus,
969 3433 1106 3498 Velitris
1119 3432 1215 3496 editis

104 3553 125 3594 a
143 3537 220 3624 1835,
240 3563 303 3607 non
326 3562 502 3625 paucorum
530 3541 752 3624 exemplorum
776 3541 958 3606 accessione
987 3545 1077 3604 aetas
1104 3543 1216 3604 nostra

105 3649 191 3712 ructu
216 3649 306 3715 vidit:
339 3670 477 3732 quorum
505 3648 660 3713 maiorem
687 3651 812 3731 partem
842 3645 1045 3732 lithographi
1074 3649 1143 3710 arte
1167 3667 1215 3709 re·

104 3759 312 3826 praesentatam
339 3755 440 3820 habes
469 3755 503 3819 in
526 3753 561 3820 P.
585 3753 620 3820 L.
644 3754 686 3818 M.
710 3753 747 3818 E.
771 3754 838 3818 tab.
856 3750 907 3816 III
936 3751 995 3815 snb
1018 3751 1104 3815 Η-
1117 3750 1162 3815 W
1184 3754 1217 3814 et

104 3859 184 3941 suppl.
203 3863 265 3930 tab.
283 3861 407 3929 XCVII
431 3863 490 3928 sub
514 3861 643 3926 H-M.
689 3858 871 3925 Publicsvit
894 3858 985 3924 illam
1007 3878 1110 3940 nuper
1129 3855 1216 3920 Hen-

104 3979 177 4030 zeum
197 3968 229 4034 in
249 3969 345 4035 huius
370 3969 446 4034 anui
470 3967 673 4034 ‘Bullettino'
696 3991 727 4052 p.
747 3969 798 4050 81,
829 3969 994 4049 acceptam
1018 3987 1039 4028 a
1061 3961 1129 4028 ciue
1153 3961 1215 4027 Ro·

105 4087 177 4139 mano
194 4075 324 4144 Abbati:
352 4097 413 4142 nos
435 4075 580 4142 Brunnio
604 4075 757 4141 debemus
785 4077 902 4140 stanno
926 4091 1120 4156 expressam.
1167 4069 1216 4132 Ad

105 4181 223 4246 assues
253 4205 324 4248 eam
358 4181 655 4249 (rumorosorum
685 4181 723 4246 P.
748 4181 773 4262 f.
800 4179 968 4245 Lentulum
995 4176 1217 4241 Marcellinum

105 4275 312 4354 tunicum
339 4289 376 4355 L.
402 4289 425 4370 fi
458 4288 493 4369 Q.
519 4309 551 4353 n.
579 4287 762 4370 Philippum
795 4284 873 4350 anni
901 4283 964 4348 698
1002 4286 1150 4365 spectare
1182 4282 1217 4346 in

105 4395 247 4472 propatulo
273 4401 341 4478 est,
384 4393 570 4461 Eorundem
600 4393 770 4460 consulum
797 4391 833 4456 in
859 4390 924 4454 alia
951 4391 1086 4471 tessera,
1120 4409 1218 4473 quam

107 4499 161 4570 lust
178 4495 342 4568 Marinium
366 4501 438 4567 Act.
466 4500 505 4565 fr.
532 4499 609 4566 Aru.
640 4523 671 4585 p.
695 4499 759 4565 823
792 4519 865 4563 cum
893 4493 1075 4561 Cardinalis
1102 4517 1133 4580 p.
1156 4496 1215 4560 121
