<?xml version="1.0" encoding="UTF-8"?>
<!DOCTYPE html PUBLIC "-//W3C//DTD XHTML 1.0 Transitional//EN"
    "http://www.w3.org/TR/xhtml1/DTD/xhtml1-transitional.dtd">
<html xmlns="http://www.w3.org/1999/xhtml" xml:lang="en" lang="en">
 <head>
  <title>
</title>
<meta http-equiv="Content-Type" content="text/html;charset=utf-8" />
  <meta name='ocr-system' content='tesseract 3.04.00' />
  <meta name='ocr-capabilities' content='ocr_page ocr_carea ocr_par ocr_line ocrx_word'/>
</head>
<body>
  <div class='ocr_page' id='page_1' title='image "./fridericiritsch03wachgoog/fridericiritsch03wachgoog_0199.png"; bbox 0 0 3048 5144; ppageno 0'>
   <div class='ocr_carea' id='block_1_1' title="bbox 316 347 1185 421">
    <p class='ocr_par' dir='ltr' id='par_1_1' title="bbox 316 347 1185 421">
     <span class='ocr_line' id='line_1_1' title="bbox 316 347 1185 421; baseline 0.002 -11"><span class='ocrx_word' id='word_1_1' title='bbox 316 347 378 412; x_wconf 74' lang='grc'>174</span> <span class='ocrx_word' id='word_1_2' title='bbox 396 409 403 421; x_wconf 80' lang='grc'>,</span> <span class='ocrx_word' id='word_1_3' title='bbox 591 366 812 414; x_wconf 68' lang='lat' dir='ltr'>MONVMEN&#39;I’A</span> <span class='ocrx_word' id='word_1_4' title='bbox 835 367 1070 414; x_wconf 76' lang='lat' dir='ltr'>EPIGRAPHICA</span> <span class='ocrx_word' id='word_1_5' title='bbox 1094 368 1185 414; x_wconf 74' lang='lat' dir='ltr'>rem.</span> 
     </span>
    </p>
   </div>
   <div class='ocr_carea' id='block_1_2' title="bbox 231 505 1463 3795">
    <p class='ocr_par' dir='ltr' id='par_1_2' title="bbox 231 505 1463 3795">
     <span class='ocr_line' id='line_1_2' title="bbox 313 505 1460 593; baseline 0.002 -25"><span class='ocrx_word' id='word_1_6' title='bbox 313 526 386 568; x_wconf 89' lang='lat' dir='ltr'>cum</span> <span class='ocrx_word' id='word_1_7' title='bbox 410 506 559 589; x_wconf 79' lang='lat' dir='ltr'>aequales</span> <span class='ocrx_word' id='word_1_8' title='bbox 579 505 749 572; x_wconf 88' lang='lat' dir='ltr'>Octaviani</span> <span class='ocrx_word' id='word_1_9' title='bbox 768 509 909 593; x_wconf 71' lang='lat' dir='ltr'>Augusti,</span> <span class='ocrx_word' id='word_1_10' title='bbox 931 513 1047 592; x_wconf 86' lang='lat' dir='ltr'>poetae</span> <span class='ocrx_word' id='word_1_11' title='bbox 1065 509 1216 591; x_wconf 67' lang='lat' dir='ltr'>periclum</span> <span class='ocrx_word' id='word_1_12' title='bbox 1238 507 1404 592; x_wconf 84' lang='lat' dir='ltr'>dixerunt;</span> <span class='ocrx_word' id='word_1_13' title='bbox 1428 509 1460 570; x_wconf 92' lang='lat' dir='ltr'>in</span> 
     </span>
     <span class='ocr_line' id='line_1_3' title="bbox 313 611 1460 699; baseline 0.002 -24"><span class='ocrx_word' id='word_1_14' title='bbox 313 611 385 676; x_wconf 90' lang='lat' dir='ltr'>aliis</span> <span class='ocrx_word' id='word_1_15' title='bbox 414 616 523 676; x_wconf 88' lang='lat' dir='ltr'>autem</span> <span class='ocrx_word' id='word_1_16' title='bbox 550 612 604 677; x_wconf 88' lang='lat' dir='ltr'>hic</span> <span class='ocrx_word' id='word_1_17' title='bbox 632 615 702 698; x_wconf 90' lang='lat' dir='ltr'>ipse</span> <span class='ocrx_word' id='word_1_18' title='bbox 730 616 771 679; x_wconf 91' lang='lat' dir='ltr'>ad</span> <span class='ocrx_word' id='word_1_19' title='bbox 799 615 1027 699; x_wconf 76' lang='lat' dir='ltr'>antiquitatem</span> <span class='ocrx_word' id='word_1_20' title='bbox 1055 615 1177 680; x_wconf 89' lang='lat' dir='ltr'>reditus</span> <span class='ocrx_word' id='word_1_21' title='bbox 1205 618 1273 678; x_wconf 85' lang='lat' dir='ltr'>tam</span> <span class='ocrx_word' id='word_1_22' title='bbox 1301 617 1460 680; x_wconf 84' lang='lat' dir='ltr'>constans</span> 
     </span>
     <span class='ocr_line' id='line_1_4' title="bbox 313 719 1461 806; baseline 0.001 -23"><span class='ocrx_word' id='word_1_23' title='bbox 313 719 417 784; x_wconf 86' lang='lat' dir='ltr'>evasit</span> <span class='ocrx_word' id='word_1_24' title='bbox 439 720 663 804; x_wconf 85' lang='lat' dir='ltr'>communique</span> <span class='ocrx_word' id='word_1_25' title='bbox 687 743 774 786; x_wconf 90' lang='lat' dir='ltr'>more</span> <span class='ocrx_word' id='word_1_26' title='bbox 798 727 945 806; x_wconf 87' lang='lat' dir='ltr'>receptus</span> <span class='ocrx_word' id='word_1_27' title='bbox 968 726 1027 804; x_wconf 87' lang='lat' dir='ltr'>est,</span> <span class='ocrx_word' id='word_1_28' title='bbox 1051 726 1087 785; x_wconf 88' lang='lat' dir='ltr'>ut</span> <span class='ocrx_word' id='word_1_29' title='bbox 1109 721 1209 786; x_wconf 88' lang='lat' dir='ltr'>trium</span> <span class='ocrx_word' id='word_1_30' title='bbox 1228 725 1373 786; x_wconf 86' lang='lat' dir='ltr'>aetatum</span> <span class='ocrx_word' id='word_1_31' title='bbox 1393 743 1461 784; x_wconf 90' lang='lat' dir='ltr'>snc-</span> 
     </span>
     <span class='ocr_line' id='line_1_5' title="bbox 314 826 1461 914; baseline 0.003 -25"><span class='ocrx_word' id='word_1_32' title='bbox 314 826 416 890; x_wconf 90' lang='lat' dir='ltr'>cessio</span> <span class='ocrx_word' id='word_1_33' title='bbox 440 828 540 911; x_wconf 82' lang='lat' dir='ltr'>fieret,</span> <span class='ocrx_word' id='word_1_34' title='bbox 564 849 700 912; x_wconf 91' lang='lat' dir='ltr'>quarum</span> <span class='ocrx_word' id='word_1_35' title='bbox 724 829 822 893; x_wconf 86' lang='lat' dir='ltr'>tertia</span> <span class='ocrx_word' id='word_1_36' title='bbox 845 828 1122 914; x_wconf 82' lang='lat' dir='ltr'>redintegraretur</span> <span class='ocrx_word' id='word_1_37' title='bbox 1140 830 1264 912; x_wconf 82' lang='lat' dir='ltr'>primae</span> <span class='ocrx_word' id='word_1_38' title='bbox 1289 829 1461 912; x_wconf 88' lang='lat' dir='ltr'>asperitas,</span> 
     </span>
     <span class='ocr_line' id='line_1_6' title="bbox 313 931 1461 1018; baseline 0.003 -23"><span class='ocrx_word' id='word_1_39' title='bbox 313 931 369 996; x_wconf 91' lang='lat' dir='ltr'>sed</span> <span class='ocrx_word' id='word_1_40' title='bbox 397 954 478 1017; x_wconf 91' lang='lat' dir='ltr'>quae</span> <span class='ocrx_word' id='word_1_41' title='bbox 514 934 579 999; x_wconf 90' lang='lat' dir='ltr'>iam</span> <span class='ocrx_word' id='word_1_42' title='bbox 612 934 774 1018; x_wconf 81' lang='lat' dir='ltr'>elegantia</span> <span class='ocrx_word' id='word_1_43' title='bbox 806 935 914 1017; x_wconf 88' lang='lat' dir='ltr'>potius</span> <span class='ocrx_word' id='word_1_44' title='bbox 947 935 1102 1018; x_wconf 86' lang='lat' dir='ltr'>quaedam</span> <span class='ocrx_word' id='word_1_45' title='bbox 1137 935 1308 1000; x_wconf 83' lang='lat' dir='ltr'>rideretur.</span> <span class='ocrx_word' id='word_1_46' title='bbox 1359 934 1461 999; x_wconf 88' lang='lat' dir='ltr'>Velut</span> 
     </span>
     <span class='ocr_line' id='line_1_7' title="bbox 312 1039 1462 1126; baseline 0.003 -24"><span class='ocrx_word' id='word_1_47' title='bbox 312 1039 420 1103; x_wconf 60' lang='lat' dir='ltr'>chatra</span> <span class='ocrx_word' id='word_1_48' title='bbox 442 1039 581 1104; x_wconf 88' lang='lat' dir='ltr'>formam</span> <span class='ocrx_word' id='word_1_49' title='bbox 604 1062 677 1105; x_wconf 91' lang='lat' dir='ltr'>cum</span> <span class='ocrx_word' id='word_1_50' title='bbox 708 1040 846 1124; x_wconf 88' lang='lat' dir='ltr'>pristina</span> <span class='ocrx_word' id='word_1_51' title='bbox 869 1047 959 1106; x_wconf 90' lang='lat' dir='ltr'>aetas</span> <span class='ocrx_word' id='word_1_52' title='bbox 983 1043 1134 1126; x_wconf 86' lang='lat' dir='ltr'>probavit</span> <span class='ocrx_word' id='word_1_53' title='bbox 1156 1046 1225 1106; x_wconf 89' lang='lat' dir='ltr'>tum</span> <span class='ocrx_word' id='word_1_54' title='bbox 1248 1043 1348 1107; x_wconf 87' lang='lat' dir='ltr'>tertia</span> <span class='ocrx_word' id='word_1_55' title='bbox 1373 1043 1462 1107; x_wconf 88' lang='lat' dir='ltr'>adul-</span> 
     </span>
     <span class='ocr_line' id='line_1_8' title="bbox 313 1145 1461 1233; baseline 0.003 -25"><span class='ocrx_word' id='word_1_56' title='bbox 313 1149 365 1209; x_wconf 88' lang='lat' dir='ltr'>tae</span> <span class='ocrx_word' id='word_1_57' title='bbox 387 1145 532 1231; x_wconf 84' lang='lat' dir='ltr'>linguae:</span> <span class='ocrx_word' id='word_1_58' title='bbox 560 1147 666 1211; x_wconf 88' lang='lat' dir='ltr'>media</span> <span class='ocrx_word' id='word_1_59' title='bbox 696 1153 800 1232; x_wconf 76' lang='lat' dir='ltr'>aetate</span> <span class='ocrx_word' id='word_1_60' title='bbox 827 1149 1000 1233; x_wconf 80' lang='lat' dir='ltr'>trisyllaba</span> <span class='ocrx_word' id='word_1_61' title='bbox 1027 1151 1151 1214; x_wconf 72' lang='lat' dir='ltr'>dextero</span> <span class='ocrx_word' id='word_1_62' title='bbox 1177 1148 1284 1212; x_wconf 82' lang='lat' dir='ltr'>forma</span> <span class='ocrx_word' id='word_1_63' title='bbox 1307 1150 1461 1233; x_wconf 79' lang='lat' dir='ltr'>regnavit</span> 
     </span>
     <span class='ocr_line' id='line_1_9' title="bbox 314 1252 1460 1341; baseline 0.004 -26"><span class='ocrx_word' id='word_1_64' title='bbox 314 1252 397 1336; x_wconf 86' lang='lat' dir='ltr'>sola,</span> <span class='ocrx_word' id='word_1_65' title='bbox 425 1257 462 1316; x_wconf 87' lang='lat' dir='ltr'>ut</span> <span class='ocrx_word' id='word_1_66' title='bbox 489 1256 573 1338; x_wconf 90' lang='lat' dir='ltr'>apud</span> <span class='ocrx_word' id='word_1_67' title='bbox 601 1255 753 1320; x_wconf 90' lang='lat' dir='ltr'>Plautum</span> <span class='ocrx_word' id='word_1_68' title='bbox 786 1256 917 1341; x_wconf 86' lang='lat' dir='ltr'>ubique,</span> <span class='ocrx_word' id='word_1_69' title='bbox 949 1278 1046 1341; x_wconf 90' lang='lat' dir='ltr'>quam</span> <span class='ocrx_word' id='word_1_70' title='bbox 1074 1255 1172 1320; x_wconf 88' lang='lat' dir='ltr'>tertia</span> <span class='ocrx_word' id='word_1_71' title='bbox 1197 1257 1303 1338; x_wconf 87' lang='lat' dir='ltr'>poetis</span> <span class='ocrx_word' id='word_1_72' title='bbox 1331 1259 1460 1321; x_wconf 87' lang='lat' dir='ltr'>tautum</span> 
     </span>
     <span class='ocr_line' id='line_1_10' title="bbox 314 1361 1462 1447; baseline 0.001 -22"><span class='ocrx_word' id='word_1_73' title='bbox 314 1361 481 1426; x_wconf 89' lang='lat' dir='ltr'>concessit.</span> <span class='ocrx_word' id='word_1_74' title='bbox 532 1361 733 1446; x_wconf 79' lang='lat' dir='ltr'>Quamquam</span> <span class='ocrx_word' id='word_1_75' title='bbox 768 1365 885 1428; x_wconf 89' lang='lat' dir='ltr'>mirum</span> <span class='ocrx_word' id='word_1_76' title='bbox 913 1386 984 1428; x_wconf 87' lang='lat' dir='ltr'>esse</span> <span class='ocrx_word' id='word_1_77' title='bbox 1012 1387 1077 1429; x_wconf 91' lang='lat' dir='ltr'>non</span> <span class='ocrx_word' id='word_1_78' title='bbox 1105 1367 1227 1447; x_wconf 85' lang='lat' dir='ltr'>potest,</span> <span class='ocrx_word' id='word_1_79' title='bbox 1259 1363 1294 1426; x_wconf 89' lang='lat' dir='ltr'>in</span> <span class='ocrx_word' id='word_1_80' title='bbox 1321 1363 1462 1447; x_wconf 76' lang='lat' dir='ltr'>singnhs</span> 
     </span>
     <span class='ocr_line' id='line_1_11' title="bbox 314 1463 1462 1554; baseline 0.001 -22"><span class='ocrx_word' id='word_1_81' title='bbox 314 1468 479 1534; x_wconf 82' lang='lat' dir='ltr'>vocabulis</span> <span class='ocrx_word' id='word_1_82' title='bbox 507 1463 573 1534; x_wconf 82' lang='lat' dir='ltr'>non</span> <span class='ocrx_word' id='word_1_83' title='bbox 598 1491 730 1554; x_wconf 88' lang='lat' dir='ltr'>prorsus</span> <span class='ocrx_word' id='word_1_84' title='bbox 759 1470 831 1554; x_wconf 89' lang='lat' dir='ltr'>pari</span> <span class='ocrx_word' id='word_1_85' title='bbox 858 1470 907 1534; x_wconf 87' lang='lat' dir='ltr'>vel</span> <span class='ocrx_word' id='word_1_86' title='bbox 935 1476 1118 1554; x_wconf 88' lang='lat' dir='ltr'>temporum</span> <span class='ocrx_word' id='word_1_87' title='bbox 1145 1470 1197 1534; x_wconf 84' lang='lat' dir='ltr'>vel</span> <span class='ocrx_word' id='word_1_88' title='bbox 1226 1470 1387 1554; x_wconf 83' lang='lat' dir='ltr'>graduum</span> <span class='ocrx_word' id='word_1_89' title='bbox 1411 1469 1462 1534; x_wconf 86' lang='lat' dir='ltr'>vel</span> 
     </span>
     <span class='ocr_line' id='line_1_12' title="bbox 314 1575 1461 1661; baseline 0 -23"><span class='ocrx_word' id='word_1_90' title='bbox 314 1575 553 1640; x_wconf 81' lang='lat' dir='ltr'>consuetudinis</span> <span class='ocrx_word' id='word_1_91' title='bbox 591 1580 624 1640; x_wconf 84' lang='lat' dir='ltr'>et</span> <span class='ocrx_word' id='word_1_92' title='bbox 658 1576 858 1661; x_wconf 85' lang='lat' dir='ltr'>frequentiae</span> <span class='ocrx_word' id='word_1_93' title='bbox 897 1577 1105 1660; x_wconf 87' lang='lat' dir='ltr'>proportione</span> <span class='ocrx_word' id='word_1_94' title='bbox 1137 1577 1197 1642; x_wconf 90' lang='lat' dir='ltr'>has</span> <span class='ocrx_word' id='word_1_95' title='bbox 1229 1575 1377 1650; x_wconf 79' lang='lat' dir='ltr'>rationes</span> <span class='ocrx_word' id='word_1_96' title='bbox 1411 1598 1461 1639; x_wconf 83' lang='lat' dir='ltr'>er·</span> 
     </span>
     <span class='ocr_line' id='line_1_13' title="bbox 313 1681 1462 1768; baseline 0.002 -24"><span class='ocrx_word' id='word_1_97' title='bbox 313 1682 453 1765; x_wconf 88' lang='lat' dir='ltr'>aequari.</span> <span class='ocrx_word' id='word_1_98' title='bbox 499 1681 568 1760; x_wconf 81' lang='lat' dir='ltr'>Quo</span> <span class='ocrx_word' id='word_1_99' title='bbox 597 1684 632 1747; x_wconf 90' lang='lat' dir='ltr'>in</span> <span class='ocrx_word' id='word_1_100' title='bbox 655 1704 773 1768; x_wconf 81' lang='lat' dir='ltr'>genere</span> <span class='ocrx_word' id='word_1_101' title='bbox 797 1706 894 1767; x_wconf 90' lang='lat' dir='ltr'>quam</span> <span class='ocrx_word' id='word_1_102' title='bbox 917 1684 1089 1767; x_wconf 86' lang='lat' dir='ltr'>multiplex</span> <span class='ocrx_word' id='word_1_103' title='bbox 1112 1683 1254 1748; x_wconf 84' lang='lat' dir='ltr'>varietas</span> <span class='ocrx_word' id='word_1_104' title='bbox 1277 1683 1389 1766; x_wconf 82' lang='lat' dir='ltr'>fuerit,</span> <span class='ocrx_word' id='word_1_105' title='bbox 1411 1683 1462 1746; x_wconf 79' lang='lat' dir='ltr'>de</span> 
     </span>
     <span class='ocr_line' id='line_1_14' title="bbox 313 1771 1462 1872; baseline 0.001 -21"><span class='ocrx_word' id='word_1_106' title='bbox 313 1791 494 1853; x_wconf 85' lang='lat' dir='ltr'>monstrare</span> <span class='ocrx_word' id='word_1_107' title='bbox 517 1789 607 1854; x_wconf 83' lang='lat' dir='ltr'>velut</span> <span class='ocrx_word' id='word_1_108' title='bbox 633 1790 667 1854; x_wconf 94' lang='lat' dir='ltr'>in</span> <span class='ocrx_word' id='word_1_109' title='bbox 689 1790 839 1854; x_wconf 83' lang='lat' dir='ltr'>Hercules</span> <span class='ocrx_word' id='word_1_110' title='bbox 866 1812 943 1855; x_wconf 88' lang='lat' dir='ltr'>voce</span> <span class='ocrx_word' id='word_1_111' title='bbox 971 1787 1145 1872; x_wconf 89' lang='lat' dir='ltr'>promiscui</span> <span class='ocrx_word' id='word_1_112' title='bbox 1174 1811 1251 1854; x_wconf 90' lang='lat' dir='ltr'>usus</span> <span class='ocrx_word' id='word_1_113' title='bbox 1275 1771 1462 1855; x_wconf 80' lang='lat' dir='ltr'>constantia</span> 
     </span>
     <span class='ocr_line' id='line_1_15' title="bbox 313 1896 1461 1981; baseline 0.001 -21"><span class='ocrx_word' id='word_1_114' title='bbox 313 1899 434 1979; x_wconf 89' lang='lat' dir='ltr'>potest:</span> <span class='ocrx_word' id='word_1_115' title='bbox 458 1919 555 1980; x_wconf 89' lang='lat' dir='ltr'>quam</span> <span class='ocrx_word' id='word_1_116' title='bbox 579 1920 652 1962; x_wconf 87' lang='lat' dir='ltr'>curn</span> <span class='ocrx_word' id='word_1_117' title='bbox 675 1898 795 1962; x_wconf 85' lang='lat' dir='ltr'>rationi</span> <span class='ocrx_word' id='word_1_118' title='bbox 819 1901 1070 1962; x_wconf 90' lang='lat' dir='ltr'>consentaneum</span> <span class='ocrx_word' id='word_1_119' title='bbox 1095 1896 1138 1960; x_wconf 90' lang='lat' dir='ltr'>sit</span> <span class='ocrx_word' id='word_1_120' title='bbox 1161 1897 1358 1981; x_wconf 90' lang='lat' dir='ltr'>aprincipio</span> <span class='ocrx_word' id='word_1_121' title='bbox 1379 1897 1461 1961; x_wconf 81' lang='lat' dir='ltr'>Her-</span> 
     </span>
     <span class='ocr_line' id='line_1_16' title="bbox 313 2002 1461 2086; baseline 0.002 -20"><span class='ocrx_word' id='word_1_122' title='bbox 313 2003 372 2066; x_wconf 82' lang='lat' dir='ltr'>cles</span> <span class='ocrx_word' id='word_1_123' title='bbox 397 2002 509 2086; x_wconf 87' lang='lat' dir='ltr'>fuisse,</span> <span class='ocrx_word' id='word_1_124' title='bbox 541 2003 653 2068; x_wconf 90' lang='lat' dir='ltr'>deinde</span> <span class='ocrx_word' id='word_1_125' title='bbox 680 2004 824 2069; x_wconf 81' lang='lat' dir='ltr'>Hercoles</span> <span class='ocrx_word' id='word_1_126' title='bbox 850 2002 902 2068; x_wconf 78' lang='lat' dir='ltr'>rel</span> <span class='ocrx_word' id='word_1_127' title='bbox 930 2003 1091 2082; x_wconf 73' lang='lat' dir='ltr'>Hermiae,</span> <span class='ocrx_word' id='word_1_128' title='bbox 1124 2025 1162 2068; x_wconf 88' lang='lat' dir='ltr'>ac</span> <span class='ocrx_word' id='word_1_129' title='bbox 1191 2003 1330 2070; x_wconf 85' lang='lat' dir='ltr'>fortasse</span> <span class='ocrx_word' id='word_1_130' title='bbox 1361 2005 1461 2068; x_wconf 83' lang='lat' dir='ltr'>tertio</span> 
     </span>
     <span class='ocr_line' id='line_1_17' title="bbox 314 2109 1462 2194; baseline 0.002 -22"><span class='ocrx_word' id='word_1_131' title='bbox 314 2109 385 2174; x_wconf 89' lang='lat' dir='ltr'>loeo</span> <span class='ocrx_word' id='word_1_132' title='bbox 408 2131 519 2174; x_wconf 85' lang='lat' dir='ltr'>rursus</span> <span class='ocrx_word' id='word_1_133' title='bbox 542 2109 688 2194; x_wconf 65' lang='lat' dir='ltr'>Hostes,</span> <span class='ocrx_word' id='word_1_134' title='bbox 711 2115 820 2175; x_wconf 87' lang='lat' dir='ltr'>tamen</span> <span class='ocrx_word' id='word_1_135' title='bbox 851 2111 922 2194; x_wconf 88' lang='lat' dir='ltr'>ipse</span> <span class='ocrx_word' id='word_1_136' title='bbox 949 2132 1026 2174; x_wconf 91' lang='lat' dir='ltr'>usus</span> <span class='ocrx_word' id='word_1_137' title='bbox 1053 2110 1116 2177; x_wconf 91' lang='lat' dir='ltr'>hoo</span> <span class='ocrx_word' id='word_1_138' title='bbox 1138 2111 1246 2194; x_wconf 90' lang='lat' dir='ltr'>potius</span> <span class='ocrx_word' id='word_1_139' title='bbox 1269 2111 1396 2194; x_wconf 77' lang='lat' dir='ltr'>voluit,</span> <span class='ocrx_word' id='word_1_140' title='bbox 1428 2115 1462 2174; x_wconf 84' lang='lat' dir='ltr'>ut</span> 
     </span>
     <span class='ocr_line' id='line_1_18' title="bbox 231 2214 1462 2302; baseline 0.002 -22"><span class='ocrx_word' id='word_1_141' title='bbox 231 2271 238 2286; x_wconf 87' lang='lat'>.</span> <span class='ocrx_word' id='word_1_142' title='bbox 314 2239 378 2280; x_wconf 88' lang='lat' dir='ltr'>una</span> <span class='ocrx_word' id='word_1_143' title='bbox 400 2214 552 2281; x_wconf 90' lang='lat' dir='ltr'>Plautina</span> <span class='ocrx_word' id='word_1_144' title='bbox 575 2220 681 2281; x_wconf 83' lang='lat' dir='ltr'>aetate</span> <span class='ocrx_word' id='word_1_145' title='bbox 704 2215 853 2282; x_wconf 74' lang='lat' dir='ltr'>Heroides</span> <span class='ocrx_word' id='word_1_146' title='bbox 876 2217 971 2280; x_wconf 89' lang='lat' dir='ltr'>simul</span> <span class='ocrx_word' id='word_1_147' title='bbox 994 2220 1027 2280; x_wconf 90' lang='lat' dir='ltr'>et</span> <span class='ocrx_word' id='word_1_148' title='bbox 1049 2215 1196 2281; x_wconf 89' lang='lat' dir='ltr'>relictum</span> <span class='ocrx_word' id='word_1_149' title='bbox 1220 2239 1258 2282; x_wconf 85' lang='lat' dir='ltr'>ex</span> <span class='ocrx_word' id='word_1_150' title='bbox 1278 2217 1462 2302; x_wconf 81' lang='lat' dir='ltr'>antiquiore</span> 
     </span>
     <span class='ocr_line' id='line_1_19' title="bbox 314 2323 1463 2408; baseline 0.002 -20"><span class='ocrx_word' id='word_1_151' title='bbox 314 2345 460 2390; x_wconf 87' lang='lat' dir='ltr'>sermone</span> <span class='ocrx_word' id='word_1_152' title='bbox 483 2323 579 2389; x_wconf 73' lang='lat' dir='ltr'>hercle</span> <span class='ocrx_word' id='word_1_153' title='bbox 605 2323 777 2406; x_wconf 89' lang='lat' dir='ltr'>diceretur,</span> <span class='ocrx_word' id='word_1_154' title='bbox 804 2346 862 2408; x_wconf 91' lang='lat' dir='ltr'>pro</span> <span class='ocrx_word' id='word_1_155' title='bbox 892 2347 954 2408; x_wconf 93' lang='lat' dir='ltr'>quo</span> <span class='ocrx_word' id='word_1_156' title='bbox 982 2329 1114 2407; x_wconf 87' lang='lat' dir='ltr'>postera</span> <span class='ocrx_word' id='word_1_157' title='bbox 1141 2323 1270 2388; x_wconf 90' lang='lat' dir='ltr'>demum</span> <span class='ocrx_word' id='word_1_158' title='bbox 1293 2329 1387 2390; x_wconf 88' lang='lat' dir='ltr'>aetas</span> <span class='ocrx_word' id='word_1_159' title='bbox 1412 2347 1463 2390; x_wconf 88' lang='lat' dir='ltr'>ac-</span> 
     </span>
     <span class='ocr_line' id='line_1_20' title="bbox 315 2430 1463 2515; baseline 0 -19"><span class='ocrx_word' id='word_1_160' title='bbox 315 2430 552 2498; x_wconf 88' lang='lat' dir='ltr'>commodatam</span> <span class='ocrx_word' id='word_1_161' title='bbox 579 2431 620 2496; x_wconf 89' lang='lat' dir='ltr'>ad</span> <span class='ocrx_word' id='word_1_162' title='bbox 648 2431 750 2515; x_wconf 91' lang='lat' dir='ltr'>ipsius</span> <span class='ocrx_word' id='word_1_163' title='bbox 777 2431 919 2496; x_wconf 91' lang='lat' dir='ltr'>nominis</span> <span class='ocrx_word' id='word_1_164' title='bbox 946 2430 1087 2496; x_wconf 80' lang='lat' dir='ltr'>formam</span> <span class='ocrx_word' id='word_1_165' title='bbox 1116 2432 1309 2514; x_wconf 88' lang='lat' dir='ltr'>particulam</span> <span class='ocrx_word' id='word_1_166' title='bbox 1339 2431 1463 2496; x_wconf 67' lang='lat' dir='ltr'>tamea</span> 
     </span>
     <span class='ocr_line' id='line_1_21' title="bbox 315 2537 1462 2626; baseline 0.002 -22"><span class='ocrx_word' id='word_1_167' title='bbox 315 2539 535 2604; x_wconf 87' lang='lat' dir='ltr'>substitueret.</span> <span class='ocrx_word' id='word_1_168' title='bbox 589 2537 674 2603; x_wconf 88' lang='lat' dir='ltr'>Hinc</span> <span class='ocrx_word' id='word_1_169' title='bbox 705 2541 792 2603; x_wconf 86' lang='lat' dir='ltr'>recte</span> <span class='ocrx_word' id='word_1_170' title='bbox 829 2538 1007 2602; x_wconf 87' lang='lat' dir='ltr'>existimari</span> <span class='ocrx_word' id='word_1_171' title='bbox 1044 2538 1082 2602; x_wconf 89' lang='lat' dir='ltr'>de</span> <span class='ocrx_word' id='word_1_172' title='bbox 1119 2538 1183 2602; x_wconf 92' lang='lat' dir='ltr'>illis</span> <span class='ocrx_word' id='word_1_173' title='bbox 1220 2541 1342 2622; x_wconf 85' lang='lat' dir='ltr'>poterit</span> <span class='ocrx_word' id='word_1_174' title='bbox 1379 2564 1462 2626; x_wconf 88' lang='lat' dir='ltr'>quae</span> 
     </span>
     <span class='ocr_line' id='line_1_22' title="bbox 315 2644 1463 2728; baseline 0 -16"><span class='ocrx_word' id='word_1_175' title='bbox 315 2647 434 2712; x_wconf 87' lang='lat' dir='ltr'>dixisse</span> <span class='ocrx_word' id='word_1_176' title='bbox 466 2647 589 2728; x_wconf 59' lang='lat' dir='ltr'>animai</span> <span class='ocrx_word' id='word_1_177' title='bbox 615 2645 666 2709; x_wconf 86' lang='lat' dir='ltr'>vel</span> <span class='ocrx_word' id='word_1_178' title='bbox 698 2644 872 2710; x_wconf 87' lang='lat' dir='ltr'>traduntur</span> <span class='ocrx_word' id='word_1_179' title='bbox 899 2645 951 2710; x_wconf 88' lang='lat' dir='ltr'>vel</span> <span class='ocrx_word' id='word_1_180' title='bbox 978 2645 1180 2727; x_wconf 88' lang='lat' dir='ltr'>reperiuntur</span> <span class='ocrx_word' id='word_1_181' title='bbox 1207 2645 1382 2711; x_wconf 76' lang='lat' dir='ltr'>Alcumena</span> <span class='ocrx_word' id='word_1_182' title='bbox 1406 2648 1463 2712; x_wconf 84' lang='lat' dir='ltr'>Al-</span> 
     </span>
     <span class='ocr_line' id='line_1_23' title="bbox 314 2749 1462 2833; baseline -0.002 -13"><span class='ocrx_word' id='word_1_183' title='bbox 314 2775 436 2820; x_wconf 84' lang='lat' dir='ltr'>cumoeo</span> <span class='ocrx_word' id='word_1_184' title='bbox 462 2754 640 2818; x_wconf 81' lang='lat' dir='ltr'>Tecumessa</span> <span class='ocrx_word' id='word_1_185' title='bbox 663 2750 832 2816; x_wconf 81' lang='lat' dir='ltr'>Patricoles</span> <span class='ocrx_word' id='word_1_186' title='bbox 854 2750 1024 2816; x_wconf 68' lang='lat' dir='ltr'>urmeomu</span> <span class='ocrx_word' id='word_1_187' title='bbox 1047 2749 1176 2822; x_wconf 66' lang='lat' dir='ltr'>medina:</span> <span class='ocrx_word' id='word_1_188' title='bbox 1207 2752 1325 2833; x_wconf 85' lang='lat' dir='ltr'>quibus</span> <span class='ocrx_word' id='word_1_189' title='bbox 1346 2751 1462 2827; x_wconf 81' lang='lat' dir='ltr'>formis</span> 
     </span>
     <span class='ocr_line' id='line_1_24' title="bbox 315 2856 1463 2941; baseline 0.001 -18"><span class='ocrx_word' id='word_1_190' title='bbox 315 2859 379 2924; x_wconf 87' lang='lat' dir='ltr'>etsi</span> <span class='ocrx_word' id='word_1_191' title='bbox 401 2863 477 2923; x_wconf 88' lang='lat' dir='ltr'>sunt</span> <span class='ocrx_word' id='word_1_192' title='bbox 500 2879 577 2922; x_wconf 88' lang='lat' dir='ltr'>sane</span> <span class='ocrx_word' id='word_1_193' title='bbox 600 2856 796 2922; x_wconf 85' lang='lat' dir='ltr'>recentiores</span> <span class='ocrx_word' id='word_1_194' title='bbox 819 2856 968 2921; x_wconf 79' lang='lat' dir='ltr'>Alcrneau</span> <span class='ocrx_word' id='word_1_195' title='bbox 991 2857 1136 2922; x_wconf 82' lang='lat' dir='ltr'>Alcmaeo</span> <span class='ocrx_word' id='word_1_196' title='bbox 1161 2856 1326 2941; x_wconf 71' lang='lat' dir='ltr'>Termesso,</span> <span class='ocrx_word' id='word_1_197' title='bbox 1348 2863 1463 2924; x_wconf 86' lang='lat' dir='ltr'>tamen</span> 
     </span>
     <span class='ocr_line' id='line_1_25' title="bbox 262 2963 1463 3048; baseline 0.001 -18"><span class='ocrx_word' id='word_1_198' title='bbox 262 2964 446 3030; x_wconf 77' lang='lat' dir='ltr'>x1eaedem</span> <span class='ocrx_word' id='word_1_199' title='bbox 470 2963 543 3028; x_wconf 90' lang='lat' dir='ltr'>illas</span> <span class='ocrx_word' id='word_1_200' title='bbox 572 2963 670 3028; x_wconf 87' lang='lat' dir='ltr'>etiam</span> <span class='ocrx_word' id='word_1_201' title='bbox 693 2965 944 3028; x_wconf 85' lang='lat' dir='ltr'>antecesserant:</span> <span class='ocrx_word' id='word_1_202' title='bbox 977 2963 1062 3048; x_wconf 91' lang='lat' dir='ltr'>quod</span> <span class='ocrx_word' id='word_1_203' title='bbox 1084 2985 1152 3028; x_wconf 90' lang='lat' dir='ltr'>non</span> <span class='ocrx_word' id='word_1_204' title='bbox 1174 2967 1225 3026; x_wconf 90' lang='lat' dir='ltr'>est</span> <span class='ocrx_word' id='word_1_205' title='bbox 1247 2963 1463 3030; x_wconf 87' lang='lat' dir='ltr'>dubitandum</span> 
     </span>
     <span class='ocr_line' id='line_1_26' title="bbox 315 3069 1462 3155; baseline 0.003 -20"><span class='ocrx_word' id='word_1_206' title='bbox 315 3071 393 3155; x_wconf 90' lang='lat' dir='ltr'>quin</span> <span class='ocrx_word' id='word_1_207' title='bbox 420 3069 608 3154; x_wconf 84' lang='lat' dir='ltr'>planissime</span> <span class='ocrx_word' id='word_1_208' title='bbox 637 3073 825 3153; x_wconf 85' lang='lat' dir='ltr'>appareret,</span> <span class='ocrx_word' id='word_1_209' title='bbox 852 3070 881 3134; x_wconf 92' lang='lat' dir='ltr'>si</span> <span class='ocrx_word' id='word_1_210' title='bbox 909 3070 983 3154; x_wconf 89' lang='lat' dir='ltr'>plus</span> <span class='ocrx_word' id='word_1_211' title='bbox 1002 3073 1284 3136; x_wconf 87' lang='lat' dir='ltr'>monumentorum</span> <span class='ocrx_word' id='word_1_212' title='bbox 1307 3094 1347 3136; x_wconf 84' lang='lat' dir='ltr'>ex</span> <span class='ocrx_word' id='word_1_213' title='bbox 1372 3077 1462 3137; x_wconf 85' lang='lat' dir='ltr'>vetu-</span> 
     </span>
     <span class='ocr_line' id='line_1_27' title="bbox 315 3176 1462 3260; baseline 0.002 -19"><span class='ocrx_word' id='word_1_214' title='bbox 315 3177 460 3242; x_wconf 88' lang='lat' dir='ltr'>stissima</span> <span class='ocrx_word' id='word_1_215' title='bbox 491 3177 621 3260; x_wconf 66' lang='lat' dir='ltr'>lingurae</span> <span class='ocrx_word' id='word_1_216' title='bbox 653 3179 759 3241; x_wconf 88' lang='lat' dir='ltr'>aetate</span> <span class='ocrx_word' id='word_1_217' title='bbox 790 3180 982 3259; x_wconf 86' lang='lat' dir='ltr'>superesset</span> <span class='ocrx_word' id='word_1_218' title='bbox 1034 3176 1148 3260; x_wconf 89' lang='lat' dir='ltr'>Itaque</span> <span class='ocrx_word' id='word_1_219' title='bbox 1180 3178 1242 3242; x_wconf 88' lang='lat' dir='ltr'>etsi</span> <span class='ocrx_word' id='word_1_220' title='bbox 1274 3181 1462 3244; x_wconf 86' lang='lat' dir='ltr'>contractas</span> 
     </span>
     <span class='ocr_line' id='line_1_28' title="bbox 315 3281 1462 3367; baseline -0.003 -16"><span class='ocrx_word' id='word_1_221' title='bbox 315 3287 366 3351; x_wconf 78' lang='lat' dir='ltr'>vel</span> <span class='ocrx_word' id='word_1_222' title='bbox 398 3288 435 3350; x_wconf 90' lang='lat' dir='ltr'>ut</span> <span class='ocrx_word' id='word_1_223' title='bbox 461 3283 579 3348; x_wconf 87' lang='lat' dir='ltr'>rectius</span> <span class='ocrx_word' id='word_1_224' title='bbox 607 3283 711 3348; x_wconf 88' lang='lat' dir='ltr'>dicam</span> <span class='ocrx_word' id='word_1_225' title='bbox 739 3281 962 3367; x_wconf 85' lang='lat' dir='ltr'>primitivas*)</span> <span class='ocrx_word' id='word_1_226' title='bbox 989 3283 1078 3364; x_wconf 80' lang='lat' dir='ltr'>iufra</span> <span class='ocrx_word' id='word_1_227' title='bbox 1109 3288 1196 3348; x_wconf 78' lang='lat' dir='ltr'>cairo</span> <span class='ocrx_word' id='word_1_228' title='bbox 1217 3304 1314 3365; x_wconf 76' lang='lat' dir='ltr'>supra</span> <span class='ocrx_word' id='word_1_229' title='bbox 1336 3284 1462 3350; x_wconf 84' lang='lat' dir='ltr'>formas</span> 
     </span>
     <span class='ocr_line' id='line_1_29' title="bbox 316 3389 1463 3473; baseline 0 -17"><span class='ocrx_word' id='word_1_230' title='bbox 316 3414 388 3457; x_wconf 90' lang='lat' dir='ltr'>cnm</span> <span class='ocrx_word' id='word_1_231' title='bbox 422 3391 558 3456; x_wconf 89' lang='lat' dir='ltr'>Plautus</span> <span class='ocrx_word' id='word_1_232' title='bbox 595 3391 682 3456; x_wconf 90' lang='lat' dir='ltr'>solas</span> <span class='ocrx_word' id='word_1_233' title='bbox 718 3391 811 3455; x_wconf 85' lang='lat' dir='ltr'>novit</span> <span class='ocrx_word' id='word_1_234' title='bbox 843 3391 978 3473; x_wconf 88' lang='lat' dir='ltr'>ipsaque</span> <span class='ocrx_word' id='word_1_235' title='bbox 1016 3392 1224 3455; x_wconf 87' lang='lat' dir='ltr'>monumenta</span> <span class='ocrx_word' id='word_1_236' title='bbox 1260 3395 1297 3456; x_wconf 86' lang='lat' dir='ltr'>ut</span> <span class='ocrx_word' id='word_1_237' title='bbox 1329 3389 1390 3457; x_wconf 81' lang='lat' dir='ltr'>SC.</span> <span class='ocrx_word' id='word_1_238' title='bbox 1424 3393 1463 3456; x_wconf 91' lang='lat' dir='ltr'>de</span> 
     </span>
     <span class='ocr_line' id='line_1_30' title="bbox 316 3494 1461 3582; baseline -0.003 -20"><span class='ocrx_word' id='word_1_239' title='bbox 316 3497 534 3563; x_wconf 87' lang='lat' dir='ltr'>Bacanalibus</span> <span class='ocrx_word' id='word_1_240' title='bbox 572 3519 645 3562; x_wconf 84' lang='lat' dir='ltr'>cunr</span> <span class='ocrx_word' id='word_1_241' title='bbox 681 3498 752 3582; x_wconf 84' lang='lat' dir='ltr'>lege</span> <span class='ocrx_word' id='word_1_242' title='bbox 789 3496 918 3581; x_wconf 81' lang='lat' dir='ltr'>agraria</span> <span class='ocrx_word' id='word_1_243' title='bbox 954 3501 1131 3579; x_wconf 82' lang='lat' dir='ltr'>testantur,</span> <span class='ocrx_word' id='word_1_244' title='bbox 1167 3500 1238 3561; x_wconf 91' lang='lat' dir='ltr'>tum</span> <span class='ocrx_word' id='word_1_245' title='bbox 1269 3495 1305 3560; x_wconf 90' lang='lat' dir='ltr'>in</span> <span class='ocrx_word' id='word_1_246' title='bbox 1339 3494 1461 3560; x_wconf 88' lang='lat' dir='ltr'>eisdem</span> 
     </span>
     <span class='ocr_line' id='line_1_31' title="bbox 317 3601 1462 3688; baseline -0.004 -18"><span class='ocrx_word' id='word_1_247' title='bbox 317 3605 427 3680; x_wconf 88' lang='lat' dir='ltr'>adulta</span> <span class='ocrx_word' id='word_1_248' title='bbox 454 3605 568 3688; x_wconf 84' lang='lat' dir='ltr'>lingua</span> <span class='ocrx_word' id='word_1_249' title='bbox 590 3603 765 3687; x_wconf 86' lang='lat' dir='ltr'>acquievit,</span> <span class='ocrx_word' id='word_1_250' title='bbox 792 3606 901 3666; x_wconf 88' lang='lat' dir='ltr'>tamen</span> <span class='ocrx_word' id='word_1_251' title='bbox 929 3603 1035 3668; x_wconf 90' lang='lat' dir='ltr'>medio</span> <span class='ocrx_word' id='word_1_252' title='bbox 1058 3605 1205 3686; x_wconf 83' lang='lat' dir='ltr'>tempore</span> <span class='ocrx_word' id='word_1_253' title='bbox 1228 3603 1368 3685; x_wconf 88' lang='lat' dir='ltr'>quodam</span> <span class='ocrx_word' id='word_1_254' title='bbox 1399 3601 1462 3667; x_wconf 87' lang='lat' dir='ltr'>sal-</span> 
     </span>
     <span class='ocr_line' id='line_1_32' title="bbox 316 3709 1462 3795; baseline -0.004 -18"><span class='ocrx_word' id='word_1_255' title='bbox 316 3718 383 3778; x_wconf 86' lang='lat' dir='ltr'>tem</span> <span class='ocrx_word' id='word_1_256' title='bbox 407 3715 557 3795; x_wconf 88' lang='lat' dir='ltr'>coeptum</span> <span class='ocrx_word' id='word_1_257' title='bbox 581 3732 651 3776; x_wconf 89' lang='lat' dir='ltr'>esse</span> <span class='ocrx_word' id='word_1_258' title='bbox 675 3709 775 3774; x_wconf 90' lang='lat' dir='ltr'>etiam</span> <span class='ocrx_word' id='word_1_259' title='bbox 798 3709 901 3789; x_wconf 80' lang='lat' dir='ltr'>infero</span> <span class='ocrx_word' id='word_1_260' title='bbox 928 3716 1031 3776; x_wconf 79' lang='lat' dir='ltr'>catere</span> <span class='ocrx_word' id='word_1_261' title='bbox 1053 3731 1165 3792; x_wconf 70' lang='lat' dir='ltr'>serpere</span> <span class='ocrx_word' id='word_1_262' title='bbox 1187 3709 1260 3790; x_wconf 87' lang='lat' dir='ltr'>dici,</span> <span class='ocrx_word' id='word_1_263' title='bbox 1283 3713 1320 3773; x_wconf 86' lang='lat' dir='ltr'>ut</span> <span class='ocrx_word' id='word_1_264' title='bbox 1348 3709 1462 3792; x_wconf 85' lang='lat' dir='ltr'>paucis</span> 
     </span>
    </p>
   </div>
   <div class='ocr_carea' id='block_1_3' title="bbox 315 3917 1500 4541">
    <p class='ocr_par' dir='ltr' id='par_1_3' title="bbox 315 3917 1500 4541">
     <span class='ocr_line' id='line_1_33' title="bbox 404 3917 1464 4010; baseline -0.003 -18"><span class='ocrx_word' id='word_1_265' title='bbox 404 3942 430 4010; x_wconf 69' lang='lat'>¹⁸)</span> <span class='ocrx_word' id='word_1_266' title='bbox 451 3938 556 4004; x_wconf 83' lang='lat' dir='ltr'>Quodsi</span> <span class='ocrx_word' id='word_1_267' title='bbox 577 3938 626 4008; x_wconf 82' lang='lat' dir='ltr'>qni</span> <span class='ocrx_word' id='word_1_268' title='bbox 649 3917 744 3992; x_wconf 80' lang='lat' dir='ltr'>temen</span> <span class='ocrx_word' id='word_1_269' title='bbox 766 3936 997 4008; x_wconf 86' lang='lat' dir='ltr'>proficiscendum</span> <span class='ocrx_word' id='word_1_270' title='bbox 1020 3937 1074 3992; x_wconf 84' lang='lat' dir='ltr'>sibi</span> <span class='ocrx_word' id='word_1_271' title='bbox 1093 3954 1151 3992; x_wconf 87' lang='lat' dir='ltr'>esse</span> <span class='ocrx_word' id='word_1_272' title='bbox 1169 3953 1186 3991; x_wconf 87' lang='lat' dir='ltr'>a</span> <span class='ocrx_word' id='word_1_273' title='bbox 1204 3935 1295 4006; x_wconf 89' lang='lat' dir='ltr'>plenis</span> <span class='ocrx_word' id='word_1_274' title='bbox 1313 3936 1411 3991; x_wconf 84' lang='lat' dir='ltr'>formis</span> <span class='ocrx_word' id='word_1_275' title='bbox 1430 3937 1464 3990; x_wconf 90' lang='lat' dir='ltr'>nt</span> 
     </span>
     <span class='ocr_line' id='line_1_34' title="bbox 315 4025 1461 4098; baseline -0.005 -14"><span class='ocrx_word' id='word_1_276' title='bbox 315 4030 408 4096; x_wconf 77' lang='lat' dir='ltr'>insero</span> <span class='ocrx_word' id='word_1_277' title='bbox 425 4029 579 4098; x_wconf 88' lang='lat' dir='ltr'>putabunt:</span> <span class='ocrx_word' id='word_1_278' title='bbox 599 4025 677 4081; x_wconf 88' lang='lat' dir='ltr'>cuius</span> <span class='ocrx_word' id='word_1_279' title='bbox 696 4041 748 4097; x_wconf 82' lang='lat' dir='ltr'>ego</span> <span class='ocrx_word' id='word_1_280' title='bbox 767 4026 873 4081; x_wconf 85' lang='lat' dir='ltr'>exordii</span> <span class='ocrx_word' id='word_1_281' title='bbox 889 4027 1086 4082; x_wconf 83' lang='lat' dir='ltr'>necessitatem</span> <span class='ocrx_word' id='word_1_282' title='bbox 1104 4043 1160 4081; x_wconf 90' lang='lat' dir='ltr'>non</span> <span class='ocrx_word' id='word_1_283' title='bbox 1179 4025 1260 4080; x_wconf 87' lang='lat' dir='ltr'>video</span> <span class='ocrx_word' id='word_1_284' title='bbox 1278 4026 1327 4095; x_wconf 90' lang='lat' dir='ltr'>qui</span> <span class='ocrx_word' id='word_1_285' title='bbox 1346 4025 1461 4079; x_wconf 86' lang='lat' dir='ltr'>demon-</span> 
     </span>
     <span class='ocr_line' id='line_1_35' title="bbox 316 4112 1461 4183; baseline -0.006 -10"><span class='ocrx_word' id='word_1_286' title='bbox 316 4117 432 4173; x_wconf 87' lang='lat' dir='ltr'>straturi</span> <span class='ocrx_word' id='word_1_287' title='bbox 455 4115 525 4171; x_wconf 88' lang='lat' dir='ltr'>sint:</span> <span class='ocrx_word' id='word_1_288' title='bbox 550 4114 656 4170; x_wconf 81' lang='lat' dir='ltr'>faciant</span> <span class='ocrx_word' id='word_1_289' title='bbox 678 4115 706 4168; x_wconf 94' lang='lat' dir='ltr'>id</span> <span class='ocrx_word' id='word_1_290' title='bbox 734 4113 847 4183; x_wconf 89' lang='lat' dir='ltr'>quidem</span> <span class='ocrx_word' id='word_1_291' title='bbox 870 4115 1008 4170; x_wconf 89' lang='lat' dir='ltr'>arbitratu</span> <span class='ocrx_word' id='word_1_292' title='bbox 1027 4133 1092 4183; x_wconf 84' lang='lat' dir='ltr'>suo,</span> <span class='ocrx_word' id='word_1_293' title='bbox 1116 4115 1165 4170; x_wconf 87' lang='lat' dir='ltr'>sed</span> <span class='ocrx_word' id='word_1_294' title='bbox 1184 4114 1237 4168; x_wconf 86' lang='lat' dir='ltr'>hau</span> <span class='ocrx_word' id='word_1_295' title='bbox 1256 4112 1340 4167; x_wconf 87' lang='lat' dir='ltr'>simul</span> <span class='ocrx_word' id='word_1_296' title='bbox 1358 4113 1461 4168; x_wconf 84' lang='lat' dir='ltr'>libera·</span> 
     </span>
     <span class='ocr_line' id='line_1_36' title="bbox 316 4191 1500 4275; baseline -0.006 -14"><span class='ocrx_word' id='word_1_297' title='bbox 316 4207 411 4275; x_wconf 83' lang='lat' dir='ltr'>litate,</span> <span class='ocrx_word' id='word_1_298' title='bbox 436 4209 467 4260; x_wconf 91' lang='lat' dir='ltr'>ut</span> <span class='ocrx_word' id='word_1_299' title='bbox 489 4204 532 4260; x_wconf 89' lang='lat' dir='ltr'>bis</span> <span class='ocrx_word' id='word_1_300' title='bbox 555 4204 630 4260; x_wconf 80' lang='lat' dir='ltr'>facto</span> <span class='ocrx_word' id='word_1_301' title='bbox 654 4203 753 4258; x_wconf 86' lang='lat' dir='ltr'>eodem</span> <span class='ocrx_word' id='word_1_302' title='bbox 778 4204 897 4260; x_wconf 87' lang='lat' dir='ltr'>transitu</span> <span class='ocrx_word' id='word_1_303' title='bbox 919 4191 1046 4274; x_wconf 82' lang='lat' dir='ltr'>linguam</span> <span class='ocrx_word' id='word_1_304' title='bbox 1066 4203 1221 4258; x_wconf 85' lang='lat' dir='ltr'>concedant</span> <span class='ocrx_word' id='word_1_305' title='bbox 1239 4200 1461 4272; x_wconf 86' lang='lat' dir='ltr'>quadruplici</span> <span class='ocrx_word' id='word_1_306' title='bbox 1497 4211 1500 4220; x_wconf 63' lang='lat'>¹</span> 
     </span>
     <span class='ocr_line' id='line_1_37' title="bbox 316 4289 1462 4362; baseline -0.004 -14"><span class='ocrx_word' id='word_1_307' title='bbox 316 4293 489 4348; x_wconf 85' lang='lat' dir='ltr'>successione</span> <span class='ocrx_word' id='word_1_308' title='bbox 516 4294 552 4348; x_wconf 87' lang='lat' dir='ltr'>ab</span> <span class='ocrx_word' id='word_1_309' title='bbox 577 4294 683 4360; x_wconf 75' lang='lat' dir='ltr'>insero</span> <span class='ocrx_word' id='word_1_310' title='bbox 707 4309 882 4362; x_wconf 77' lang='lat' dir='ltr'>progressam</span> <span class='ocrx_word' id='word_1_311' title='bbox 910 4293 946 4348; x_wconf 87' lang='lat' dir='ltr'>ad</span> <span class='ocrx_word' id='word_1_312' title='bbox 974 4295 1073 4362; x_wconf 71' lang='lat' dir='ltr'>infra,</span> <span class='ocrx_word' id='word_1_313' title='bbox 1101 4293 1137 4347; x_wconf 89' lang='lat' dir='ltr'>ab</span> <span class='ocrx_word' id='word_1_314' title='bbox 1160 4291 1247 4359; x_wconf 70' lang='lat' dir='ltr'>infra</span> <span class='ocrx_word' id='word_1_315' title='bbox 1265 4307 1403 4345; x_wconf 84' lang='lat' dir='ltr'>reversam</span> <span class='ocrx_word' id='word_1_316' title='bbox 1425 4289 1462 4344; x_wconf 84' lang='lat' dir='ltr'>ad</span> 
     </span>
     <span class='ocr_line' id='line_1_38' title="bbox 317 4377 1460 4452; baseline -0.004 -16"><span class='ocrx_word' id='word_1_317' title='bbox 317 4383 441 4452; x_wconf 79' lang='lat' dir='ltr'>insero,</span> <span class='ocrx_word' id='word_1_318' title='bbox 468 4383 505 4436; x_wconf 83' lang='lat' dir='ltr'>ab</span> <span class='ocrx_word' id='word_1_319' title='bbox 531 4383 636 4448; x_wconf 77' lang='lat' dir='ltr'>infera</span> <span class='ocrx_word' id='word_1_320' title='bbox 664 4382 754 4437; x_wconf 86' lang='lat' dir='ltr'>denuo</span> <span class='ocrx_word' id='word_1_321' title='bbox 773 4382 809 4437; x_wconf 85' lang='lat' dir='ltr'>ad</span> <span class='ocrx_word' id='word_1_322' title='bbox 826 4381 906 4448; x_wconf 74' lang='lat' dir='ltr'>infra</span> <span class='ocrx_word' id='word_1_323' title='bbox 927 4384 1137 4451; x_wconf 81' lang='lat' dir='ltr'>transgressam.</span> <span class='ocrx_word' id='word_1_324' title='bbox 1176 4377 1228 4450; x_wconf 78' lang='lat' dir='ltr'><strong>[Cf.</strong></span> <span class='ocrx_word' id='word_1_325' title='bbox 1252 4379 1362 4433; x_wconf 81' lang='lat' dir='ltr'>Priscae</span> <span class='ocrx_word' id='word_1_326' title='bbox 1382 4377 1460 4433; x_wconf 81' lang='lat' dir='ltr'>latin.</span> 
     </span>
     <span class='ocr_line' id='line_1_39' title="bbox 317 4469 1173 4541; baseline -0.002 -17"><span class='ocrx_word' id='word_1_327' title='bbox 317 4469 403 4541; x_wconf 74' lang='lat' dir='ltr'>epigr.</span> <span class='ocrx_word' id='word_1_328' title='bbox 424 4471 559 4540; x_wconf 90' lang='lat' dir='ltr'>supplem.</span> <span class='ocrx_word' id='word_1_329' title='bbox 578 4471 604 4524; x_wconf 85' lang='grc' dir='ltr'>ΙΙ</span> <span class='ocrx_word' id='word_1_330' title='bbox 623 4469 707 4538; x_wconf 84' lang='lat' dir='ltr'>(infra</span> <span class='ocrx_word' id='word_1_331' title='bbox 725 4490 751 4526; x_wconf 88' lang='lat' dir='ltr'>n.</span> <span class='ocrx_word' id='word_1_332' title='bbox 772 4470 871 4538; x_wconf 84' lang='lat' dir='ltr'>XVIII,</span> <span class='ocrx_word' id='word_1_333' title='bbox 891 4473 917 4538; x_wconf 78' lang='lat'>2)</span> <span class='ocrx_word' id='word_1_334' title='bbox 937 4489 963 4538; x_wconf 92' lang='lat' dir='ltr'>p.</span> <span class='ocrx_word' id='word_1_335' title='bbox 984 4470 1030 4526; x_wconf 77' lang='lat' dir='ltr'>lx.</span> <span class='ocrx_word' id='word_1_336' title='bbox 1069 4469 1097 4524; x_wconf 86' lang='lat' dir='ltr'>C.</span> <span class='ocrx_word' id='word_1_337' title='bbox 1117 4469 1173 4537; x_wconf 89' lang='lat' dir='ltr'>W.]</span> 
     </span>
    </p>
   </div>
   <div class='ocr_carea' id='block_1_4' title="bbox 0 0 1534 5144">
    <p class='ocr_par' dir='ltr' id='par_1_4' title="bbox 0 0 1534 5144">
     <span class='ocr_line' id='line_1_40' title="bbox 0 0 1534 5144; baseline 0 0"><span class='ocrx_word' id='word_1_338' title='bbox 0 0 1534 5144; x_wconf 95' lang='lat' dir='ltr'> </span> 
     </span>
    </p>
   </div>
  </div>
 </body>
</html>
