3048 5144
321 393 383 458 108
695 409 844 456 rruvavs
868 408 1085 456 nvnnmuvs.

319 553 437 618 Iubeo
462 555 637 635 expc‘ctet:
662 550 699 616 si
718 552 833 635 iacit,
856 551 1044 635 gaudebit
1067 546 1261 632 semper.*)

320 659 528 744 Postquam
551 658 778 724 ce'ciderunt
800 679 881 741 spes
905 658 1079 740 c'm[nee],
1098 653 1270 721 cbnsnlis
1292 660 1363 720 trin
1389 655 1467 720 me?

226 809 233 824 ·
321 781 382 847 Sed
405 783 469 867 ipsi
492 781 608 868 Ennio,
632 804 766 869 graecae
785 783 968 848 severitatis
992 782 1077 847 inter
1095 782 1260 847 Romanos
1283 781 1417 846 auctori
1436 783 1468 844 et

320 889 438 954 vindici
457 891 624 974 acerrimo,
644 911 720 955 care
739 890 837 955 talem
856 889 1020 954 licentiam
1039 889 1165 954 tribuas
1185 909 1258 952 eum
1273 887 1466 952 Hermanno

319 996 421 1061 Elem.
445 996 545 1061 doctr.
569 999 660 1060 metr.
683 1018 714 1079 p.
738 993 866 1082 347.**)
912 993 998 1060 Nam
1022 995 1056 1060 in
1080 993 1372 1078 Hedyphageticon
1398 995 1466 1078 qui-

320 1102 392 1166 dem
416 1101 477 1188 (sic
504 1103 592 1166 enim
620 1100 841 1188 Florentinus)
866 1102 951 1186 apud
974 1101 1148 1184 Apuleium
1171 1101 1210 1165 de
1234 1101 1344 1186 magia
1371 1123 1399 1166 c.
1423 1101 1464 1166 39

319 1233 350 1294 p.
373 1211 438 1275 489
463 1209 621 1291 versibus,
649 1209 704 1293 qui
730 1232 796 1273 non
819 1209 910 1293 peius
934 1231 953 1274 a
980 1209 1122 1273 librariis
1146 1231 1243 1293 qnam
1267 1207 1308 1270 ab
1333 1207 1465 1271 editori·

320 1317 380 1381 bus
403 1316 509 1382 habiti
532 1320 617 1402 eunt,
640 1316 782 1382 dubitari
805 1317 919 1401 nequit
937 1317 1014 1402 quin
1033 1339 1106 1380 cum
1125 1315 1199 1380 aliis
1219 1318 1393 1398 corruptus
1413 1314 1465 1378 hic

320 1424 376 1488 sit:
412 1423 666 1508 Matusarum,
713 1424 864 1488 turdum
914 1423 1174 1505 merulamque
1214 1415 1464 1505 umbramque

320 1528 515 1594 marinam.
561 1531 662 1606 Quem
685 1530 793 1595 nescio
817 1529 957 1595 auritio
982 1529 1029 1594 sic
1052 1533 1138 1594 recte
1162 1528 1299 1593 liberem
1322 1527 1465 1594 ascitae

245 1703 259 1727 ι
320 1636 456 1702 Mosella
479 1637 647 1722 pisciculo:

294 1762 523 1845 Alburnum,
550 1761 702 1827 turdum
728 1763 988 1846 merulamque
1019 1762 1265 1846 umbramque
1290 1763 1489 1826 marinam:

320 1886 384 1950 nisi
407 1886 490 1951 forte
514 1891 571 1952 aut
595 1888 719 1951 turdum
742 1890 799 1952 aut
821 1888 973 1952 caccabum
996 1909 1015 1950 a
1034 1888 1135 1952 sciolo
1155 1887 1315 1951 adiectum
1335 1891 1397 1968 est,
1417 1886 1465 1949 vel

318 1995 470 2058 cucculum
498 2016 535 2058 ex
564 1994 636 2076 ipso
663 1993 859 2057 accolanarum
887 1996 1008 2078 ortum,
1040 1992 1102 2057 hoc
1130 1993 1268 2078 piscium
1297 2013 1402 2078 genus
1431 1995 1466 2056 ut

319 2100 409 2165 velut
432 2100 479 2165 sio
501 2104 659 2164 serretur:

294 2225 526 2308 Alburnum,
553 2226 722 2310 turdum,
750 2226 989 2291 melanurnm
1017 2226 1267 2311 umbramque
1296 2228 1486 2292 marinam.

319 2347 428 2414 Minus
452 2348 549 2414 etiam
578 2349 653 2414 fidei
677 2351 759 2414 alter
781 2372 892 2414 versus
916 2350 1084 2415 Ennianus
1108 2349 1208 2415 habet
1230 2350 1375 2415 admisso
1394 2373 1464 2435 pro·

321 2457 550 2521 celeusmatico
574 2457 620 2521 sio
643 2455 817 2541 propagari
842 2457 968 2521 solitus:
992 2456 1187 2539 Capitibus
1209 2457 1350 2523 nutantis
1372 2457 1463 2540 piuo‘s

318 2564 469 2646 rectisque
486 2565 649 2646 cupressos.
687 2564 757 2640 Quo
776 2586 870 2629 versu
888 2565 1032 2630 Ennium
1050 2562 1175 2628 Gellius
1194 2563 1283 2648 XIII,
1306 2565 1349 2629 20
1368 2567 1464 2629 testa-

318 2675 372 2735 tus
395 2674 513 2734 rectos
540 2690 732 2751 cupressos
754 2672 867 2736 dixisse
894 2677 1001 2736 caaba
1021 2676 1171 2753 receptum
1197 2671 1336 2737 vocabuli
1358 2691 1462 2754 years,

318 2777 369 2840 his
394 2776 499 2840 verbis
529 2777 650 2860 pergit:
682 2782 789 2840 contra
815 2797 887 2842 uero
914 2779 995 2842 auem
1022 2778 1150 2843 Euuius
1177 2779 1211 2842 iu
1241 2777 1364 2843 Annali
1392 2779 1461 2841 dua

318 2883 497 2948 deuicesc'mo
521 2903 546 2945 e.
576 2903 605 2966 q.
635 2903 668 2963 a,
692 2903 756 2966 quo
784 2904 850 2946 non
877 2905 915 2947 ex
943 2883 1121 2948 Annalibus
1149 2885 1238 2968 prins
1268 2905 1336 2949 esse
1360 2905 1462 2949 exem·

318 2989 408 3073 plum
431 2988 569 3072 petitum
597 2987 773 3072 significari
803 2989 939 3053 ridetur.
985 2989 1123 3054 Gravius
1148 2995 1197 3054 est
1220 2991 1368 3076 quodne
1397 3013 1462 3072 rep·

201 3159 207 3174 ,
317 3096 403 3179 perit
431 3095 561 3179 quidem
588 3095 738 3177 capitibus
765 3097 907 3160 nutantis
934 3097 1019 3180 apud
1043 3095 1184 3161 Gellium
1214 3097 1371 3180 scriptum
1396 3097 1461 3161 eius

318 3202 511 3285 compilator
533 3199 659 3266 Nonius
683 3224 713 3285 p.
740 3201 815 3284 195,
844 3203 900 3267 sed
922 3202 1073 3285 capitibus
1094 3203 1293 3269 nutantibus:
1321 3203 1353 3268 id
1378 3201 1460 3288 quod

319 3309 418 3374 etiam
443 3307 716 3393 Guelferbytanus
739 3308 839 3373 codex
863 3307 960 3373 Gellii
984 3309 1083 3374 habet
1101 3311 1135 3374 in
1155 3311 1310 3396 margine.
1346 3309 1394 3377 Vt
1411 3309 1459 3375 his

318 3415 398 3500 ipsis
422 3416 528 3481 verbis
557 3415 679 3480 exitum
704 3436 815 3480 versus
838 3416 995 3481 contineri
1019 3421 1190 3500 appareat,
1214 3418 1269 3501 qni
1294 3437 1366 3482 cum
1390 3439 1457 3502 pro-

318 3523 397 3587 ximi
421 3523 514 3588 initio
538 3545 604 3588 non
627 3523 829 3588 incommode
856 3523 973 3606 coibit,
1001 3523 1058 3588 ubi
1080 3546 1178 3588 unam
1200 3524 1348 3588 voculam
1376 3523 1459 3588 addi·

319 3629 413 3714 deris,
432 3629 521 3710 velut
538 3629 608 3694 abus
625 3628 745 3694 litteris
765 3629 953 3712 absorptam
971 3629 1022 3714 abi,
1041 3629 1103 3694 hoc
1123 3631 1269 3716 exemplo
1284 3631 1460 3696 trochaico:

424 3803 856 3820 .........
902 3753 1096 3839 capitibus
1125 3757 1356 3822 nubentibus

423 3845 491 3925 ibi
520 3861 634 3944 pinos
667 3862 878 3946 rectbsque
906 3883 1117 3946 cupressos
1137 3913 1356 3930 .....

318 3988 425 4072 Atque
449 3986 529 4051 alibi
553 4007 680 4071 quoque
703 4007 762 4069 pro
788 3985 983 4050 hexametris
1006 3986 1157 4050 Enniana
1180 3986 1279 4053 verba
1301 4010 1367 4052 non
1390 3989 1457 4052 dec-

316 4095 419 4178 tylica
442 4096 575 4175 accepta
597 4096 682 4176 sunt,
706 4095 743 4156 ut
761 4093 846 4176 apud
865 4091 1046 4158 Varronem
1065 4093 1103 4158 de
1123 4094 1143 4157 l.
1161 4095 1218 4160 lat.
1238 4092 1310 4176 VH,
1332 4097 1372 4159 12
1390 4095 1457 4159 illa:

410 4337 435 4404 Ι“)
456 4337 556 4408 [Musei
577 4337 665 4392 Rhea.
689 4338 707 4393 l.
731 4355 752 4392 s.
777 4357 797 4392 r.
821 4357 848 4408 p.
867 4344 920 4393 414
945 4338 1113 4394 Ritschelius
1137 4340 1294 4410 proposuit:
1315 4340 1413 4396 ‘Iubeo
1430 4339 1459 4392 ut

318 4425 414 4480 iussei:
434 4428 458 4478 el
476 4425 556 4494 lauit,
575 4425 712 4496 gaudebit
730 4427 858 4498 semper?
899 4427 928 4483 C.
947 4427 1005 4499 W.]

388 4511 430 4581 **)
451 4511 502 4584 [Cf.
523 4513 613 4569 Musei
627 4515 716 4571 Ithen.
736 4515 800 4569 XlV
816 4515 900 4586 (inira
914 4534 940 4572 n.
954 4515 1030 4587 xlv)
1045 4535 1072 4588 p.
1087 4523 1138 4572 407
1156 4535 1195 4588 sq.
1212 4519 1275 4574 adn.
1312 4517 1340 4574 Ο.
1351 4517 1408 4590 W.]
