3080 5142
489 375 766 426 svssnnunurvu
790 375 825 422 ιι.
1162 357 1227 422 513

170 514 198 580 Ε
222 515 454 582 vetustioribus
478 517 563 584 hune
586 519 718 584 titulum
743 539 814 584 esse
837 540 909 584 eum
933 517 1015 582 satis
1038 519 1071 580 et
1094 513 1115 580 l
1140 512 1225 583 ets*

92 621 265 686 litterarum
288 622 393 688 forma
416 627 450 687 et
470 625 619 709 neglecte
642 624 819 710 geminatio
848 629 881 690 et
904 623 969 688 alia
992 623 1148 709 quaedam
1172 622 1226 687 do·

93 731 176 792 ceant
198 729 404 813 antiquitatis
427 730 572 814 propria,
599 735 670 796 tum
693 731 924 798 vetustissimis
952 729 1227 796 adnumerandum

93 834 118 898 b.
131 857 154 899 e¹
173 838 230 900 aut
253 835 376 901 ineunti
399 837 526 902 saeculo
550 841 643 903 sexto
665 842 722 904 aut
740 837 854 923 quinto
874 837 1002 903 exeunti
1021 837 1226 902 tribuendum

94 962 154 1004 esse
175 963 193 1005 e
215 945 347 1006 servata
369 942 403 1006 in
425 943 548 1008 Metello
571 944 694 1028 dnbio,
720 944 798 1008 item
822 944 857 1008 in
879 948 1057 1010 cracem:
1078 943 1142 1032 (vel
1163 942 1226 1009 for·

93 1055 169 1114 tasse
199 1046 378 1134 coraceron)
415 1049 522 1134 prisca
559 1050 772 1116 declinatione
809 1051 988 1116 certissime
1019 1051 1227 1136 perspicitur:

93 1156 210 1237 quando
229 1156 270 1220 de
283 1157 444 1240 magistere
460 1157 511 1220 vel
525 1158 702 1240 magisteres
720 1180 761 1221 an
776 1159 950 1240 maquerel
969 1157 1021 1222 vel
1039 1153 1230 1242 meceres

92 1283 148 1326 non
172 1268 285 1346 potest
312 1285 378 1330 non
406 1285 524 1349 anceps
555 1285 625 1328 esse
653 1263 817 1328 iudicium.
861 1263 1024 1341 Quantum
1052 1268 1160 1329 autem
1184 1264 1227 1327 sit

94 1367 167 1449 quod
190 1369 225 1433 in
248 1369 363 1435 dextra
390 1375 483 1454 parte
510 1371 657 1455 perierit,
689 1369 784 1437 facile
808 1391 943 1436 eversu
970 1371 1073 1436 altero
1096 1370 1228 1452 efficias,

93 1494 146 1556 quo
167 1496 301 1540 necesse
324 1481 375 1542 est
397 1477 478 1544 duos
502 1478 677 1563 magistros
702 1465 841 1543 sociatos
865 1499 945 1542 esse.
981 1475 1125 1553 Quorum
1149 1478 1227 1542 alte·

92 1600 153 1644 rum
183 1603 258 1647 cum
287 1580 508 1649 Mommsenus
541 1583 603 1648 sibi
636 1583 799 1668 persuasit
827 1581 849 1648 S
880 1583 1091 1668 praenomine
1120 1583 1228 1667 fixisse,

93 1687 144 1749 etsi
165 1687 199 1750 in
217 1689 324 1754 altero
343 1693 462 1774 ectypo
480 1689 582 1754 videri
600 1689 709 1774 potuit
725 1688 917 1754 tenuissima
936 1690 1093 1774 quaedam
1113 1690 1228 1754 umbra

93 1791 150 1857 eius
171 1793 316 1878 litterae,
344 1799 494 1879 spectans
519 1795 559 1860 ad
582 1795 650 1860 eius
674 1795 802 1880 pedem,
830 1817 1010 1880 superesse,
1036 1799 1144 1860 tamen
1169 1817 1231 1861 neo

92 1899 241 1964 inaltero
266 1901 369 1966 ullum
393 1902 482 1967 illius
505 1901 680 1986 vestigium
698 1902 850 1986 apparent
871 1901 1120 1986 necquicquam
1145 1902 1227 1966 eius·

93 2004 167 2069 modi
189 2005 308 2072 Petrus
327 2004 494 2072 Cicercbia
512 2007 752 2092 Praenestinus,
774 2009 824 2074 vir
846 2009 943 2093 longe
966 2007 1229 2094 humanissimus,

93 2109 185 2177 denuo
208 2114 396 2179 examinato
423 2113 530 2198 lapide
557 2119 697 2180 testatus
726 2120 784 2180 est
830 2114 911 2180 usto
937 2118 1051 2180 tamen
1078 2117 1116 2179 ut
1139 2115 1228 2179 locus

93 2216 150 2280 sive
172 2217 289 2301 Spurio
312 2219 382 2284 sive
405 2217 510 2284 Seruio
532 2219 639 2284 detur:
662 2227 697 2286 at
719 2221 766 2286 ite
788 2220 899 2286 eodem
923 2220 1039 2284 saltem
1062 2219 1141 2304 iure,
1164 2241 1227 2304 quo

93 2321 127 2385 ad
153 2326 371 2408 posteriorem
404 2325 599 2411 magistrum
630 2328 750 2410 ipsum,
783 2326 823 2391 ad
854 2327 973 2410 prioris
1006 2334 1134 2410 patrem
1161 2326 1227 2392 tale

92 2449 279 2511 praenomen
305 2433 485 2498 rettuleris:
517 2437 647 2517 patrum
675 2435 762 2499 enim
789 2433 959 2499 notatione
989 2453 1085 2518 aegre
1108 2433 1227 2498 carebi-

92 2555 153 2600 nus
175 2538 215 2602 ad
240 2560 315 2604 eum
338 2560 469 2604 uersum
487 2539 728 2624 complendum,
751 2540 840 2605 cuius
863 2539 1024 2625 principio
1044 2538 1226 2619 necessario

93 2641 179 2707 etiarn
210 2645 428 2728 praemissum
460 2645 558 2710 fuerit
589 2645 691 2730 ipsius
718 2647 836 2712 Metilii
869 2665 1074 2731 praenomen.
1120 2642 1166 2707 Vt
1192 2643 1226 2706 in

93 2769 183 2830 pauca
201 2751 486 2817 ratiocinationem
505 2756 652 2816 nostram
667 2773 795 2817 omnem
812 2751 1028 2834 conferamus,
1042 2749 1142 2814 talem
1160 2749 1227 2813 fere

92 2857 304 2941 proponimus,
323 2857 481 2942 aliquod
503 2861 541 2923 ut
563 2858 777 2943 exemplum
801 2861 915 2942 exstet,
933 2857 1080 2942 integrae
1094 2855 1278 2938 inscrip-vss

92 2958 179 3026 tionis
202 2963 346 3046 speciem
369 2964 585 3047 probabiliter
608 2969 645 3028 ut
667 2967 820 3048 putamus
843 2963 1046 3029 restitutam:

296 3069 326 3134 A
355 3065 387 3136 ΙἹ
415 3069 442 3134 Ο
472 3067 493 3134 le
522 3070 550 3136 0
577 3067 957 3159 N[n(1)·rvrnnrnn(1)

238 3191 991 3276 s·]MuT1t1ops-amonem

296 3316 952 3406 MAGISTERE[(1s)·ssc1vun

297 3439 956 3525 OORAVERON[r·ns·corn·s

297 3541 956 3668 u·AN1010·t·t[·e·rresr·vr

297 3707 327 3772 R
351 3707 367 3773 I
394 3710 425 3775 A
448 3709 480 3775 N
503 3710 532 3776 D
556 3709 871 3792 0[·uasnrvrr
974 3747 979 3758 ·

169 3830 278 3896 Versu
301 3832 317 3894 1
342 3828 551 3899 AvoloNei
568 3833 661 3900 Plotio
684 3835 889 3921 proponebat
906 3832 1140 3898 Mommsenus:
1166 3830 1227 3896 Tu·

94 3934 207 4002 telcrem
224 3939 378 4022 praetuli,
401 3941 529 4024 qnod
502 3963 569 4007 erus
589 3943 712 4007 cultum
727 3941 973 4008 Praenestinum
992 3939 1108 4004 titulus
1126 3940 1227 4002 testa·

93 4043 153 4105 tum
184 4043 266 4108 facit
251 4044 460 4130 teVulpio
491 4047 677 4131 publicatus
703 4047 832 4113 Veteris
864 4047 951 4112 Latii
982 4049 1006 4110 t.
1029 4041 1075 4107 IX
1103 4065 1133 4126 p.
1155 4043 1227 4126 128,

95 4149 168 4260 unde
191 4148 366 4217 Cecconius
389 4176 420 4237 p.
439 4152 482 4218 56
505 4155 730 4240 neglegentius
753 4151 934 4239 iteravit*):

172 4290 276 4358 *)Νεο
301 4290 378 4346 euim
404 4293 479 4347 recte
505 4293 592 4348 tribui
614 4292 712 4348 Tiburi
739 4293 828 4349 videri
855 4293 951 4362 potest
976 4290 1051 4360 apud
1077 4289 1225 4344 Gruterum

96 4382 171 4447 ull
185 4385 210 4446 1,
234 4379 279 4434 cui
296 4379 412 4435 miserat
431 4381 557 4436 ‘Vrsinus
575 4382 749 4438 describente
768 4381 916 4450 GutenstJ,
939 4378 1109 4448 desumptum
1132 4379 1225 4432 autem

95 4461 119 4516 in
135 4464 206 4522 hunc
225 4468 350 4524 modum:

142 4574 180 4612 rr.
199 4575 346 4613 nrrscnunu
367 4574 500 4614 orvscvas
520 4567 556 4616 iv.
978 4567 1012 4614 33
