2948 5048
275 115 431 163 VOOALES
455 115 660 162 enumeras
685 116 728 162 ET
754 116 784 163 L.
804 116 927 162 acclvs
952 115 1212 163 GltAblllATlCVS.
1262 99 1323 163 1113

162 264 228 347 881
254 281 463 325 nummorum
487 260 651 324 memoria.
684 258 778 323 Vnde
797 257 840 344 (si
859 263 945 323 recte
963 282 1048 324 8888
1066 257 1214 343 memini)
1230 259 1324 324 Brut·

159 368 256 435 tium
282 365 478 449 sVVRAut
515 388 599 431 anno
623 367 688 431 666
711 371 976 451 proquaestorem
1000 367 1224 450 Macedoniae,
1247 365 1326 431 Bor·

157 474 310 564 gbesius
335 473 412 539 Obs.
435 495 521 538 uum.
545 474 611 538 dec.
631 471 724 557 XVI,
746 475 783 537 ll
811 471 860 554 [O.
883 474 907 539 I.
931 473 966 539 L.
989 475 1005 538 I
1028 498 1058 540 n.
1078 475 1156 555 516]
1181 474 1326 559 88818111,

156 579 311 653 ΡΑΑΡΙ
332 581 364 646 h.
385 603 410 645 8.
434 577 468 646 O.
487 580 622 664 Papium
644 579 795 644 Mutilum
818 581 931 646 ducem
955 582 1042 645 bello
1067 580 1179 645 sociali
1203 579 1326 643 clarum

154 687 302 758 denarii
340 685 502 751 Samnites
538 689 723 751 monstrant
755 687 839 769 apud
869 686 1062 751 Eclrhelium
1094 687 1127 771 I,
1153 689 1168 751 1
1199 710 1229 771 p.
1255 687 1327 767 103,

152 792 338 869 FEELIX
371 791 480 857 Sullae
518 812 697 876 cognomen
736 792 865 876 quidam
899 789 1005 877 gentis
1039 792 1207 858 Corneliae
1241 793 1325 877 apud

153 898 451 984 Havercampium
465 922 495 984 p.
509 900 571 964 124
583 922 638 983 sq,
656 898 849 964 Eekhelium
868 900 910 983 lI,
924 901 944 964 5
963 923 993 983 p.
1010 901 1073 965 192
1089 923 1166 985 888,
1180 901 1326 965 Riccium

152 1038 211 1103 p.
232 1008 285 1091 12,
308 1005 635 1092 postremoVAALA
650 1005 833 1071 Numaniac
857 1007 964 1089 gentis
983 1030 1144 1092 nummus,
1168 1009 1327 1072 incertum

151 1113 269 1188 ouius
293 1114 425 1198 aetatis,
447 1113 532 1197 apud
555 1111 637 1178 Η88.
661 1136 691 1197 p.
712 1112 786 1196 299,
808 1112 910 1177 Eckb.
934 1136 964 1196 p.
982 1114 1057 1198 263,
1079 1115 1167 1181 Ricc.
1186 1138 1216 1199 p.
1234 1115 1307 1182 156.

269 1219 489 1286 Monumentis
517 1220 619 1305 igitur
646 1220 673 1283 si
702 1219 861 1284 credimus
890 1217 1015 1305 (etqui
1043 1222 1150 1304 888818
1173 1245 1238 1287 888
1262 1243 1327 1286 888-

154 1326 306 1411 deret),
342 1332 494 1410 coeptum
528 1331 578 1392 est
610 1327 768 1410 geminari
801 1327 887 1390 circa
920 1348 1041 1390 aunum
1074 1328 1153 1412 620,
1190 1329 1328 1393 desitum

155 1434 293 1521 paullo
314 1437 391 1518 8881
414 1433 487 1498 680.
534 1432 627 1509 Quod
657 1432 746 1497 vides
775 1455 872 1517 quam
900 1432 1034 1497 mirifice
1062 1433 1095 1497 iu
1125 1438 1266 1501 aetatem
1294 1435 1329 1501 L.

159 1540 275 1605 Accii
296 1541 432 1625 quadret
455 1535 547 1604 annis
571 1537 639 1603 1888
662 1539 728 1604 584
748 1539 864 1604 81610
887 1541 1082 1606 conclusam.
1116 1542 1200 1605 Eum
1219 1544 1328 1606 autem

162 1650 310 1726 poetam
324 1648 458 1712 minime
473 1646 615 1711 alienum
631 1646 671 1710 ab
687 1645 881 1712 aridioribus
896 1647 1062 1712 doctrinae
1084 1643 1200 1712 studiis
1221 1646 1329 1730 181888,

166 1748 408 1820 Didascalicon
439 1752 671 1838 Pragmaticon
699 1753 867 1837 Parergon
899 1755 1056 1838 exemplis
1089 1756 1129 1819 ab
1162 1754 1329 1839 Madvigio

167 1858 215 1916 et
248 1858 277 1925 G.
296 1860 484 1925 Hermanno
514 1859 696 1923 inlustratis
725 1859 805 1923 satis
833 1880 918 1924 nunc
948 1861 1034 1924 inter
1057 1883 1169 1925 omnes
1192 1866 1329 1927 constat.

170 1956 254 2032 Qui
272 1972 377 2032 utrum
401 1967 434 2031 iu
459 1966 589 2031 illorum
613 1966 721 2051 aliquo
746 1988 787 2030 an
810 1965 844 2029 in
868 1965 932 2030 alio
956 1966 1053 2050 libro,
1085 1968 1175 2033 cuius
1200 1970 1329 2035 88188-

173 2082 265 2135 men
291 2073 505 2158 interciderit,
536 2074 574 2137 de
605 2073 701 2137 rebus
735 2073 955 2157 grammaticis
988 2076 1136 2157 reeteque
1168 2076 1330 2151 scribendi

175 2180 311 2248 ratane
333 2183 542 2267 quaesiverit,
565 2203 625 2246 888
649 2181 749 2245 881188
771 2201 842 2263 888,
865 2183 1021 2264 quantum
1043 2181 1151 2265 videa,
1175 2203 1248 2246 cum
1271 2185 1330 2248 ali-

177 2296 257 2359 1118
274 2291 374 2374 888818
398 2288 642 2373 probabilitatis
671 2288 775 2352 conici
803 2291 920 2372 potest.
967 2286 1098 2352 Certum
1122 2294 1172 2353 881
1194 2311 1260 2354 888
1284 2313 1330 2355 se-

177 2401 264 2459 nem
283 2397 409 2463 demum
431 2397 465 2461 in
488 2418 526 2460 88
551 2395 657 2460 studia
678 2395 875 2459 incubuisse:
900 2395 999 2458 immo
1019 2395 1053 2458 in
1073 2396 1145 2480 ipsa
1162 2395 1330 2461 iuventute

178 2507 227 2557 0⁹·
259 2505 451 2586 praestiterit
478 2502 741 2587 praeceperitque
772 2505 915 2585 oportet,
947 2501 1063 2585 quibus
1096 2506 1133 2566 ut
1164 2508 1332 2587 pareretur

178 2592 258 2671 istm
277 2609 536 2695 quadragenarii,
558 2613 595 2673 ut
617 2611 828 2674 monumenta
853 2607 981 2690 docent,
1013 2608 1189 2673 auctoritas
1219 2610 1332 2675 effecit.

178 2696 306 2781 Verum
328 2738 388 2782 uec
412 2716 622 2798 81188188188
650 2715 737 2780 81188
765 2715 861 2778 finem
890 2714 943 2779 diu
973 2737 1010 2779 ea
1040 2715 1168 2780 duravit
1196 2719 1332 2782 auctori-

177 2808 259 2904 tas,
283 2845 339 2889 888
369 2823 445 2887 dum
473 2822 555 2886 81811
580 2825 707 2886 tantum
737 2821 855 2900 valuit,
887 2825 924 2885 81
955 2842 1020 2884 888
1047 2821 1144 2907 longe
1171 2824 1332 2909 longeque

177 2928 313 3011 saepius
338 2930 566 3014 neglegeretur
588 2950 684 3012 quam
709 2928 921 2992 ascisceretur
943 2949 1028 2992 8888
1050 2929 1208 2994 scribendi
1233 2933 1332 2998 ratio:

175 3026 291 3129 fuiss,
317 3036 345 3100 si
369 3056 478 3099 verum
502 3033 598 3098 fateri
622 3033 784 3117 volumus,
817 3033 955 3118 insignis
985 3034 1101 3106 raritas
1126 3038 1278 3120 apparuit
1301 3044 1333 3104 81

175 3139 217 3190 ¹¹¹
255 3142 336 3207 18818
369 3144 652 3208 monumentorum
686 3141 892 3206 multitudine
925 3142 976 3205 881
1005 3163 1089 3207 8888
1120 3145 1332 3228 superstitum

175 3242 268 3310 uSus
287 3248 487 3334 perexiguus.
528 3249 597 3314 Nec
615 3253 726 3313 tamen
748 3248 810 3313 hoc
834 3248 953 3333 881888,
976 3249 1061 3334 quod
1084 3271 1169 3315 nova
1193 3258 1278 3317 esset
1301 3258 1333 3318 et

176 3345 242 3410 8Πί
265 3354 364 3422 simile
387 3355 470 3421 nihil
492 3356 527 3420 in
551 3354 780 3420 consuetudine
803 3356 964 3419 maiorum
994 3355 1130 3440 habens,
1162 3360 1334 3442 quominus

177 3444 217 3506 11
248 3458 492 3527 increbresceret
519 3466 553 3526 et
576 3465 767 3545 perennaret
795 3462 961 3526 obstabat:
994 3463 1126 3547 gravior
1153 3487 1268 3530 caussa
1292 3467 1333 3532 ab

183 3547 275 3630 alius
295 3568 441 3634 doctrina
464 3569 669 3653 grammatici
693 3568 868 3651 repetenda
891 3573 950 3653 est,
974 3569 1063 3635 cuius
1083 3573 1260 3636 auctorit-as
1275 3573 1334 3638 Ac-

184 3653 291 3738 ciani,
319 3676 502 3760 praeceptis
534 3675 643 3759 palam
677 3675 848 3740 adversata
880 3679 939 3740 est.
991 3675 1068 3741 Fuit
1096 3677 1124 3740 is
1152 3699 1218 3741 non
1250 3680 1334 3745 alius

189 3765 287 3857 ltque
311 3781 388 3847 item
417 3782 632 3867 grammatica
660 3803 733 3846 cum
763 3782 890 3866 poetica
918 3786 987 3846 arte
1018 3782 1141 3847 sociata
1169 3783 1275 3849 clarus
1299 3784 1333 3852 O.

191 3861 340 3973 luemus,
364 3887 464 3953 Accio
488 3887 597 3971 paullo
621 3887 726 3951 minor
750 3890 867 3970 aetate,
889 3909 984 3971 quem
1009 3889 1049 3952 ab
1074 3911 1101 3952 a.
1121 3889 1186 3954 606
1211 3891 1251 3955 ad
1269 3893 1334 3958 652

195 3974 306 4059 lixisse
343 3995 547 4079 exploratum
584 3999 641 4059 est.
696 3993 782 4057 Nam
815 3994 855 4058 ad
885 3994 1021 4058 Accium
1057 4001 1216 4081 spectare,
1253 4022 1334 4084 quos

200 4081 281 4162 illius
300 4101 475 4166 versiculos
498 4101 724 4185 percommode
747 4102 915 4165 Terentius
940 4100 1078 4166 Scaurus
1101 4125 1130 4186 p.
1155 4103 1243 4168 2255
1268 4128 1334 4170 me-

208 4204 311 4272 monae
342 4207 500 4294 prodidit,
531 4230 663 4292 prorsus
690 4231 776 4273 nunc
809 4212 840 4272 81
870 4208 999 4272 evidens
1028 4231 1097 4273 esse
1127 4212 1207 4296 puto
1240 4217 1273 4276 81
1299 4214 1333 4279 18
