<?xml version="1.0" encoding="UTF-8"?>
<!DOCTYPE html PUBLIC "-//W3C//DTD XHTML 1.0 Transitional//EN"
    "http://www.w3.org/TR/xhtml1/DTD/xhtml1-transitional.dtd">
<html xmlns="http://www.w3.org/1999/xhtml" xml:lang="en" lang="en">
 <head>
  <title>
</title>
<meta http-equiv="Content-Type" content="text/html;charset=utf-8" />
  <meta name='ocr-system' content='tesseract 3.04.00' />
  <meta name='ocr-capabilities' content='ocr_page ocr_carea ocr_par ocr_line ocrx_word'/>
</head>
<body>
  <div class='ocr_page' id='page_1' title='image "./fridericiritsch03wachgoog/fridericiritsch03wachgoog_0289.png"; bbox 0 0 3062 5142; ppageno 0'>
   <div class='ocr_carea' id='block_1_1' title="bbox 302 301 1221 384">
    <p class='ocr_par' dir='ltr' id='par_1_1' title="bbox 302 301 1221 384">
     <span class='ocr_line' id='line_1_1' title="bbox 302 301 1221 384; baseline -0.004 -1"><span class='ocrx_word' id='word_1_1' title='bbox 302 318 368 384; x_wconf 75' lang='grc'>264</span> <span class='ocrx_word' id='word_1_2' title='bbox 525 334 572 381; x_wconf 78' lang='lat' dir='ltr'>DE</span> <span class='ocrx_word' id='word_1_3' title='bbox 597 333 777 382; x_wconf 80' lang='lat' dir='ltr'>SEPVLCRO</span> <span class='ocrx_word' id='word_1_4' title='bbox 802 301 981 382; x_wconf 71' lang='lat' dir='ltr'>svaronvn</span> <span class='ocrx_word' id='word_1_5' title='bbox 1005 332 1221 381; x_wconf 76' lang='lat' dir='ltr'>TVSCVLANO.</span> 
     </span>
    </p>
   </div>
   <div class='ocr_carea' id='block_1_2' title="bbox 210 474 1462 2905">
    <p class='ocr_par' dir='ltr' id='par_1_2' title="bbox 210 474 1462 2905">
     <span class='ocr_line' id='line_1_2' title="bbox 303 474 1460 562; baseline -0.004 -19"><span class='ocrx_word' id='word_1_6' title='bbox 303 499 470 562; x_wconf 82' lang='lat' dir='ltr'>superesse</span> <span class='ocrx_word' id='word_1_7' title='bbox 498 498 561 560; x_wconf 91' lang='lat' dir='ltr'>qno</span> <span class='ocrx_word' id='word_1_8' title='bbox 590 475 674 560; x_wconf 90' lang='lat' dir='ltr'>quod</span> <span class='ocrx_word' id='word_1_9' title='bbox 699 475 847 542; x_wconf 86' lang='lat' dir='ltr'>volumus</span> <span class='ocrx_word' id='word_1_10' title='bbox 876 475 1127 542; x_wconf 78' lang='lat' dir='ltr'>demonstretur:</span> <span class='ocrx_word' id='word_1_11' title='bbox 1157 498 1252 540; x_wconf 91' lang='lat' dir='ltr'>unam</span> <span class='ocrx_word' id='word_1_12' title='bbox 1282 479 1322 540; x_wconf 88' lang='lat' dir='ltr'>et</span> <span class='ocrx_word' id='word_1_13' title='bbox 1353 474 1460 558; x_wconf 87' lang='lat' dir='ltr'>legem</span> 
     </span>
     <span class='ocr_line' id='line_1_3' title="bbox 303 580 1461 670; baseline -0.004 -20"><span class='ocrx_word' id='word_1_14' title='bbox 303 590 336 650; x_wconf 89' lang='lat' dir='ltr'>et</span> <span class='ocrx_word' id='word_1_15' title='bbox 359 584 517 670; x_wconf 84' lang='lat' dir='ltr'>originem</span> <span class='ocrx_word' id='word_1_16' title='bbox 546 583 596 648; x_wconf 86' lang='lat' dir='ltr'>vel</span> <span class='ocrx_word' id='word_1_17' title='bbox 624 583 658 646; x_wconf 91' lang='lat' dir='ltr'>in</span> <span class='ocrx_word' id='word_1_18' title='bbox 680 583 746 648; x_wconf 83' lang='lat' dir='ltr'>eius</span> <span class='ocrx_word' id='word_1_19' title='bbox 773 583 823 648; x_wconf 83' lang='lat' dir='ltr'>vel</span> <span class='ocrx_word' id='word_1_20' title='bbox 848 582 881 646; x_wconf 91' lang='lat' dir='ltr'>in</span> <span class='ocrx_word' id='word_1_21' title='bbox 904 583 955 648; x_wconf 81' lang='lat' dir='ltr'>ius</span> <span class='ocrx_word' id='word_1_22' title='bbox 969 583 1258 649; x_wconf 81' lang='lat' dir='ltr'>conformatorum</span> <span class='ocrx_word' id='word_1_23' title='bbox 1281 580 1461 647; x_wconf 89' lang='lat' dir='ltr'>nominum</span> 
     </span>
     <span class='ocr_line' id='line_1_4' title="bbox 303 688 1462 778; baseline -0.005 -22"><span class='ocrx_word' id='word_1_24' title='bbox 303 691 473 778; x_wconf 88' lang='lat' dir='ltr'>gentilium</span> <span class='ocrx_word' id='word_1_25' title='bbox 499 713 558 776; x_wconf 89' lang='lat' dir='ltr'>per</span> <span class='ocrx_word' id='word_1_26' title='bbox 581 690 690 755; x_wconf 89' lang='lat' dir='ltr'>omnia</span> <span class='ocrx_word' id='word_1_27' title='bbox 714 690 843 754; x_wconf 90' lang='lat' dir='ltr'>saecula</span> <span class='ocrx_word' id='word_1_28' title='bbox 866 690 1069 773; x_wconf 73' lang='lat' dir='ltr'>pertinuisse.</span> <span class='ocrx_word' id='word_1_29' title='bbox 1102 688 1141 756; x_wconf 89' lang='lat' dir='ltr'>Id</span> <span class='ocrx_word' id='word_1_30' title='bbox 1160 693 1267 754; x_wconf 88' lang='lat' dir='ltr'>autem</span> <span class='ocrx_word' id='word_1_31' title='bbox 1289 689 1408 772; x_wconf 82' lang='lat' dir='ltr'>ipsum</span> <span class='ocrx_word' id='word_1_32' title='bbox 1428 693 1462 751; x_wconf 85' lang='lat' dir='ltr'>ut</span> 
     </span>
     <span class='ocr_line' id='line_1_5' title="bbox 303 794 1462 884; baseline -0.006 -19"><span class='ocrx_word' id='word_1_33' title='bbox 303 821 376 865; x_wconf 91' lang='lat' dir='ltr'>cum</span> <span class='ocrx_word' id='word_1_34' title='bbox 407 797 611 884; x_wconf 85' lang='lat' dir='ltr'>gravissimis</span> <span class='ocrx_word' id='word_1_35' title='bbox 643 795 836 880; x_wconf 89' lang='lat' dir='ltr'>quibusdam</span> <span class='ocrx_word' id='word_1_36' title='bbox 873 795 1023 880; x_wconf 88' lang='lat' dir='ltr'>partibus</span> <span class='ocrx_word' id='word_1_37' title='bbox 1056 795 1291 880; x_wconf 77' lang='lat' dir='ltr'>grammatices</span> <span class='ocrx_word' id='word_1_38' title='bbox 1334 794 1462 860; x_wconf 82' lang='lat' dir='ltr'>latinae</span> 
     </span>
     <span class='ocr_line' id='line_1_6' title="bbox 303 901 1462 990; baseline -0.003 -20"><span class='ocrx_word' id='word_1_39' title='bbox 303 905 449 990; x_wconf 90' lang='lat' dir='ltr'>proximo</span> <span class='ocrx_word' id='word_1_40' title='bbox 469 904 598 969; x_wconf 86' lang='lat' dir='ltr'>vinculo</span> <span class='ocrx_word' id='word_1_41' title='bbox 613 902 819 970; x_wconf 88' lang='lat' dir='ltr'>coniunctum</span> <span class='ocrx_word' id='word_1_42' title='bbox 838 907 902 984; x_wconf 89' lang='lat' dir='ltr'>est,</span> <span class='ocrx_word' id='word_1_43' title='bbox 924 903 972 966; x_wconf 90' lang='lat' dir='ltr'>ita</span> <span class='ocrx_word' id='word_1_44' title='bbox 990 901 1052 966; x_wconf 89' lang='lat' dir='ltr'>duo</span> <span class='ocrx_word' id='word_1_45' title='bbox 1072 901 1172 968; x_wconf 87' lang='lat' dir='ltr'>babet</span> <span class='ocrx_word' id='word_1_46' title='bbox 1189 906 1369 988; x_wconf 84' lang='lat' dir='ltr'>tamquam</span> <span class='ocrx_word' id='word_1_47' title='bbox 1389 925 1462 968; x_wconf 88' lang='lat' dir='ltr'>cou-</span> 
     </span>
     <span class='ocr_line' id='line_1_7' title="bbox 304 1008 1462 1096; baseline -0.004 -18"><span class='ocrx_word' id='word_1_48' title='bbox 304 1008 450 1096; x_wconf 84' lang='lat' dir='ltr'>sectaria‚</span> <span class='ocrx_word' id='word_1_49' title='bbox 473 1011 590 1096; x_wconf 92' lang='lat' dir='ltr'>quibus</span> <span class='ocrx_word' id='word_1_50' title='bbox 614 1011 755 1075; x_wconf 82' lang='lat' dir='ltr'>breviter</span> <span class='ocrx_word' id='word_1_51' title='bbox 778 1009 982 1074; x_wconf 81' lang='lat' dir='ltr'>enucleandis</span> <span class='ocrx_word' id='word_1_52' title='bbox 1012 1009 1109 1074; x_wconf 88' lang='lat' dir='ltr'>finem</span> <span class='ocrx_word' id='word_1_53' title='bbox 1136 1009 1212 1075; x_wconf 88' lang='lat' dir='ltr'>huic</span> <span class='ocrx_word' id='word_1_54' title='bbox 1234 1009 1462 1094; x_wconf 86' lang='lat' dir='ltr'>disputationi</span> 
     </span>
     <span class='ocr_line' id='line_1_8' title="bbox 303 1120 430 1184; baseline 0.016 -2"><span class='ocrx_word' id='word_1_55' title='bbox 303 1120 430 1184; x_wconf 87' lang='lat' dir='ltr'>faciam.</span> 
     </span>
     <span class='ocr_line' id='line_1_9' title="bbox 391 1223 1462 1308; baseline 0 -20"><span class='ocrx_word' id='word_1_56' title='bbox 391 1223 441 1289; x_wconf 91' lang='lat' dir='ltr'>Ac</span> <span class='ocrx_word' id='word_1_57' title='bbox 463 1223 604 1308; x_wconf 87' lang='lat' dir='ltr'>primum</span> <span class='ocrx_word' id='word_1_58' title='bbox 629 1223 759 1308; x_wconf 89' lang='lat' dir='ltr'>quidem</span> <span class='ocrx_word' id='word_1_59' title='bbox 783 1244 856 1308; x_wconf 87' lang='lat' dir='ltr'>spes</span> <span class='ocrx_word' id='word_1_60' title='bbox 880 1227 931 1288; x_wconf 86' lang='lat' dir='ltr'>est</span> <span class='ocrx_word' id='word_1_61' title='bbox 953 1223 1022 1288; x_wconf 82' lang='lat' dir='ltr'>iore</span> <span class='ocrx_word' id='word_1_62' title='bbox 1045 1228 1082 1288; x_wconf 91' lang='lat' dir='ltr'>nt</span> <span class='ocrx_word' id='word_1_63' title='bbox 1105 1224 1255 1290; x_wconf 89' lang='lat' dir='ltr'>desinant</span> <span class='ocrx_word' id='word_1_64' title='bbox 1274 1225 1462 1290; x_wconf 89' lang='lat' dir='ltr'>numisma-</span> 
     </span>
     <span class='ocr_line' id='line_1_10' title="bbox 210 1327 1461 1415; baseline -0.004 -17"><span class='ocrx_word' id='word_1_65' title='bbox 210 1351 215 1362; x_wconf 86' lang='lat'><em>·</em></span> <span class='ocrx_word' id='word_1_66' title='bbox 303 1333 359 1398; x_wconf 89' lang='lat' dir='ltr'>tici</span> <span class='ocrx_word' id='word_1_67' title='bbox 383 1329 515 1398; x_wconf 81' lang='lat' dir='ltr'>Cassiae</span> <span class='ocrx_word' id='word_1_68' title='bbox 549 1329 656 1415; x_wconf 87' lang='lat' dir='ltr'>gentis</span> <span class='ocrx_word' id='word_1_69' title='bbox 683 1350 816 1395; x_wconf 88' lang='lat' dir='ltr'>nummo</span> <span class='ocrx_word' id='word_1_70' title='bbox 845 1329 985 1414; x_wconf 89' lang='lat' dir='ltr'>quodam</span> <span class='ocrx_word' id='word_1_71' title='bbox 1013 1330 1061 1394; x_wconf 91' lang='lat' dir='ltr'>uti</span> <span class='ocrx_word' id='word_1_72' title='bbox 1089 1327 1282 1397; x_wconf 71' lang='lat' dir='ltr'>cassulae</span> <span class='ocrx_word' id='word_1_73' title='bbox 1317 1330 1461 1396; x_wconf 86' lang='lat' dir='ltr'>formam</span> 
     </span>
     <span class='ocr_line' id='line_1_11' title="bbox 303 1434 1461 1520; baseline -0.003 -17"><span class='ocrx_word' id='word_1_74' title='bbox 303 1439 487 1520; x_wconf 85' lang='lat' dir='ltr'>exhibente,</span> <span class='ocrx_word' id='word_1_75' title='bbox 518 1458 581 1520; x_wconf 88' lang='lat' dir='ltr'>quo</span> <span class='ocrx_word' id='word_1_76' title='bbox 611 1435 657 1500; x_wconf 87' lang='grc' dir='ltr'>ΕΙ</span> <span class='ocrx_word' id='word_1_77' title='bbox 688 1435 808 1500; x_wconf 89' lang='lat' dir='ltr'>litteris</span> <span class='ocrx_word' id='word_1_78' title='bbox 835 1435 935 1500; x_wconf 88' lang='lat' dir='ltr'>etiem</span> <span class='ocrx_word' id='word_1_79' title='bbox 963 1434 1093 1500; x_wconf 89' lang='lat' dir='ltr'>brevem</span> <span class='ocrx_word' id='word_1_80' title='bbox 1122 1438 1136 1500; x_wconf 82' lang='lat' dir='ltr'>i</span> <span class='ocrx_word' id='word_1_81' title='bbox 1167 1437 1315 1502; x_wconf 83' lang='lat' dir='ltr'>vocalem</span> <span class='ocrx_word' id='word_1_82' title='bbox 1351 1437 1461 1502; x_wconf 87' lang='lat' dir='ltr'>notari</span> 
     </span>
     <span class='ocr_line' id='line_1_12' title="bbox 304 1521 1460 1629; baseline -0.003 -19"><span class='ocrx_word' id='word_1_83' title='bbox 304 1545 434 1610; x_wconf 85' lang='lat' dir='ltr'>solitam</span> <span class='ocrx_word' id='word_1_84' title='bbox 453 1521 613 1627; x_wconf 78' lang='lat' dir='ltr'>probent:</span> <span class='ocrx_word' id='word_1_85' title='bbox 645 1541 730 1625; x_wconf 89' lang='lat' dir='ltr'>quod</span> <span class='ocrx_word' id='word_1_86' title='bbox 759 1564 816 1606; x_wconf 89' lang='lat' dir='ltr'>cur</span> <span class='ocrx_word' id='word_1_87' title='bbox 842 1542 1162 1628; x_wconf 81' lang='lat' dir='ltr'>perseverantissime</span> <span class='ocrx_word' id='word_1_88' title='bbox 1189 1544 1383 1629; x_wconf 86' lang='lat' dir='ltr'>negandum</span> <span class='ocrx_word' id='word_1_89' title='bbox 1407 1543 1460 1607; x_wconf 89' lang='lat' dir='ltr'>dn·</span> 
     </span>
     <span class='ocr_line' id='line_1_13' title="bbox 304 1647 1460 1736; baseline -0.002 -18"><span class='ocrx_word' id='word_1_90' title='bbox 304 1674 389 1736; x_wconf 89' lang='lat' dir='ltr'>eam,</span> <span class='ocrx_word' id='word_1_91' title='bbox 420 1649 553 1735; x_wconf 86' lang='lat' dir='ltr'>exposui</span> <span class='ocrx_word' id='word_1_92' title='bbox 585 1647 690 1714; x_wconf 88' lang='lat' dir='ltr'>Musei</span> <span class='ocrx_word' id='word_1_93' title='bbox 721 1648 826 1714; x_wconf 87' lang='lat' dir='ltr'>nostri</span> <span class='ocrx_word' id='word_1_94' title='bbox 860 1648 1050 1734; x_wconf 80' lang='lat' dir='ltr'>philologici</span> <span class='ocrx_word' id='word_1_95' title='bbox 1082 1653 1106 1714; x_wconf 89' lang='lat' dir='ltr'>t.</span> <span class='ocrx_word' id='word_1_96' title='bbox 1128 1649 1211 1716; x_wconf 89' lang='lat' dir='ltr'>VIII</span> <span class='ocrx_word' id='word_1_97' title='bbox 1243 1673 1274 1734; x_wconf 93' lang='lat' dir='ltr'>p.</span> <span class='ocrx_word' id='word_1_98' title='bbox 1300 1651 1372 1716; x_wconf 79' lang='lat'>487</span> <span class='ocrx_word' id='word_1_99' title='bbox 1404 1653 1460 1730; x_wconf 60' lang='grc' dir='ltr'>[π</span> 
     </span>
     <span class='ocr_line' id='line_1_14' title="bbox 287 1753 1459 1842; baseline -0.003 -19"><span class='ocrx_word' id='word_1_100' title='bbox 287 1757 420 1842; x_wconf 80' lang='lat' dir='ltr'>‘Opusc</span> <span class='ocrx_word' id='word_1_101' title='bbox 444 1756 477 1822; x_wconf 97' lang='lat' dir='ltr'>II</span> <span class='ocrx_word' id='word_1_102' title='bbox 501 1779 531 1840; x_wconf 87' lang='lat' dir='ltr'>p.</span> <span class='ocrx_word' id='word_1_103' title='bbox 550 1755 629 1836; x_wconf 81' lang='lat'><strong>632]</strong></span> <span class='ocrx_word' id='word_1_104' title='bbox 651 1753 756 1840; x_wconf 83' lang='lat' dir='ltr'>sqq.*)</span> <span class='ocrx_word' id='word_1_105' title='bbox 804 1753 871 1819; x_wconf 87' lang='lat' dir='ltr'>Vbi</span> <span class='ocrx_word' id='word_1_106' title='bbox 895 1756 980 1841; x_wconf 93' lang='lat' dir='ltr'>qnod</span> <span class='ocrx_word' id='word_1_107' title='bbox 1004 1757 1187 1839; x_wconf 88' lang='lat' dir='ltr'>exemplum</span> <span class='ocrx_word' id='word_1_108' title='bbox 1211 1757 1380 1842; x_wconf 86' lang='lat' dir='ltr'>quoddam</span> <span class='ocrx_word' id='word_1_109' title='bbox 1405 1757 1459 1820; x_wconf 86' lang='lat' dir='ltr'>fal-</span> 
     </span>
     <span class='ocr_line' id='line_1_15' title="bbox 304 1861 1460 1949; baseline -0.002 -21"><span class='ocrx_word' id='word_1_110' title='bbox 304 1864 367 1930; x_wconf 90' lang='lat' dir='ltr'>laci</span> <span class='ocrx_word' id='word_1_111' title='bbox 392 1863 497 1949; x_wconf 88' lang='lat' dir='ltr'>speeie</span> <span class='ocrx_word' id='word_1_112' title='bbox 525 1862 687 1948; x_wconf 87' lang='lat' dir='ltr'>singulare</span> <span class='ocrx_word' id='word_1_113' title='bbox 715 1866 838 1927; x_wconf 85' lang='lat' dir='ltr'>restare</span> <span class='ocrx_word' id='word_1_114' title='bbox 869 1861 1091 1946; x_wconf 87' lang='lat' dir='ltr'>significabam</span> <span class='ocrx_word' id='word_1_115' title='bbox 1115 1886 1147 1948; x_wconf 92' lang='lat' dir='ltr'>p.</span> <span class='ocrx_word' id='word_1_116' title='bbox 1165 1863 1230 1928; x_wconf 78' lang='lat'>493</span> <span class='ocrx_word' id='word_1_117' title='bbox 1255 1865 1314 1944; x_wconf 91' lang='lat'>[=</span> <span class='ocrx_word' id='word_1_118' title='bbox 1340 1863 1460 1948; x_wconf 85' lang='lat' dir='ltr'>Opusc.</span> 
     </span>
     <span class='ocr_line' id='line_1_16' title="bbox 303 1967 1458 2055; baseline -0.003 -20"><span class='ocrx_word' id='word_1_119' title='bbox 303 1970 335 2035; x_wconf 94' lang='lat' dir='ltr'>II</span> <span class='ocrx_word' id='word_1_120' title='bbox 359 1992 389 2054; x_wconf 92' lang='lat' dir='ltr'>p.</span> <span class='ocrx_word' id='word_1_121' title='bbox 409 1969 473 2034; x_wconf 89' lang='grc'>643</span> <span class='ocrx_word' id='word_1_122' title='bbox 492 1971 567 2054; x_wconf 88' lang='lat' dir='ltr'>sq.]‚</span> <span class='ocrx_word' id='word_1_123' title='bbox 599 1989 665 2034; x_wconf 91' lang='lat' dir='ltr'>non</span> <span class='ocrx_word' id='word_1_124' title='bbox 693 1967 779 2032; x_wconf 89' lang='lat' dir='ltr'>aliud</span> <span class='ocrx_word' id='word_1_125' title='bbox 804 1971 899 2052; x_wconf 85' lang='lat' dir='ltr'>atque</span> <span class='ocrx_word' id='word_1_126' title='bbox 922 1968 985 2035; x_wconf 89' lang='lat' dir='ltr'>hoo</span> <span class='ocrx_word' id='word_1_127' title='bbox 1012 1970 1119 2053; x_wconf 91' lang='lat' dir='ltr'>ipsum</span> <span class='ocrx_word' id='word_1_128' title='bbox 1142 1969 1218 2055; x_wconf 81' lang='lat' dir='ltr'>brit,</span> <span class='ocrx_word' id='word_1_129' title='bbox 1249 1970 1346 2036; x_wconf 87' lang='lat' dir='ltr'>cuius</span> <span class='ocrx_word' id='word_1_130' title='bbox 1379 1969 1458 2034; x_wconf 81' lang='lat' dir='ltr'>fides</span> 
     </span>
     <span class='ocr_line' id='line_1_17' title="bbox 305 2073 1458 2172; baseline -0.003 -30"><span class='ocrx_word' id='word_1_131' title='bbox 305 2081 355 2142; x_wconf 91' lang='lat' dir='ltr'>est</span> <span class='ocrx_word' id='word_1_132' title='bbox 377 2097 475 2161; x_wconf 89' lang='lat' dir='ltr'>penes</span> <span class='ocrx_word' id='word_1_133' title='bbox 498 2073 681 2139; x_wconf 91' lang='lat' dir='ltr'>Morellium</span> <span class='ocrx_word' id='word_1_134' title='bbox 707 2073 804 2138; x_wconf 87' lang='lat' dir='ltr'>Thes.</span> <span class='ocrx_word' id='word_1_135' title='bbox 827 2073 929 2140; x_wconf 87' lang='lat' dir='ltr'>famil.</span> <span class='ocrx_word' id='word_1_136' title='bbox 953 2073 1131 2172; x_wconf 58' lang='lat' dir='ltr'>essetab.</span> <span class='ocrx_word' id='word_1_137' title='bbox 1146 2075 1178 2140; x_wconf 92' lang='lat' dir='ltr'>Il</span> <span class='ocrx_word' id='word_1_138' title='bbox 1201 2077 1255 2162; x_wconf 82' lang='lat' dir='ltr'>fig.</span> <span class='ocrx_word' id='word_1_139' title='bbox 1277 2078 1307 2162; x_wconf 89' lang='lat'>1,</span> <span class='ocrx_word' id='word_1_140' title='bbox 1330 2075 1458 2142; x_wconf 81' lang='lat' dir='ltr'>Eekbe-</span> 
     </span>
     <span class='ocr_line' id='line_1_18' title="bbox 304 2179 1456 2266; baseline -0.001 -20"><span class='ocrx_word' id='word_1_141' title='bbox 304 2182 384 2248; x_wconf 92' lang='lat' dir='ltr'>lium</span> <span class='ocrx_word' id='word_1_142' title='bbox 402 2180 512 2246; x_wconf 90' lang='lat' dir='ltr'>Doctr.</span> <span class='ocrx_word' id='word_1_143' title='bbox 530 2202 615 2246; x_wconf 90' lang='lat' dir='ltr'>num.</span> <span class='ocrx_word' id='word_1_144' title='bbox 633 2179 710 2263; x_wconf 79' lang='lat' dir='ltr'>11,a</span> <span class='ocrx_word' id='word_1_145' title='bbox 733 2202 763 2263; x_wconf 91' lang='lat' dir='ltr'>p.</span> <span class='ocrx_word' id='word_1_146' title='bbox 778 2180 841 2245; x_wconf 89' lang='lat'>311</span> <span class='ocrx_word' id='word_1_147' title='bbox 868 2184 900 2245; x_wconf 89' lang='lat' dir='ltr'>et</span> <span class='ocrx_word' id='word_1_148' title='bbox 918 2181 938 2245; x_wconf 89' lang='grc'><strong>6</strong></span> <span class='ocrx_word' id='word_1_149' title='bbox 958 2204 988 2265; x_wconf 93' lang='lat' dir='ltr'>p.</span> <span class='ocrx_word' id='word_1_150' title='bbox 1003 2182 1056 2266; x_wconf 83' lang='lat'>25,</span> <span class='ocrx_word' id='word_1_151' title='bbox 1078 2182 1225 2248; x_wconf 88' lang='lat' dir='ltr'>Riceium</span> <span class='ocrx_word' id='word_1_152' title='bbox 1246 2181 1336 2248; x_wconf 79' lang='lat' dir='ltr'>Mon.</span> <span class='ocrx_word' id='word_1_153' title='bbox 1357 2182 1456 2248; x_wconf 82' lang='lat' dir='ltr'>famil.</span> 
     </span>
     <span class='ocr_line' id='line_1_19' title="bbox 304 2287 1457 2374; baseline -0.001 -21"><span class='ocrx_word' id='word_1_154' title='bbox 304 2289 371 2354; x_wconf 89' lang='lat' dir='ltr'>tab.</span> <span class='ocrx_word' id='word_1_155' title='bbox 390 2287 454 2352; x_wconf 88' lang='lat' dir='ltr'>XII</span> <span class='ocrx_word' id='word_1_156' title='bbox 482 2287 534 2372; x_wconf 87' lang='lat' dir='ltr'>fig.</span> <span class='ocrx_word' id='word_1_157' title='bbox 556 2289 605 2353; x_wconf 89' lang='lat'>11.</span> <span class='ocrx_word' id='word_1_158' title='bbox 650 2287 712 2352; x_wconf 82' lang='lat' dir='ltr'>Est</span> <span class='ocrx_word' id='word_1_159' title='bbox 734 2291 842 2352; x_wconf 88' lang='lat' dir='ltr'>autem</span> <span class='ocrx_word' id='word_1_160' title='bbox 870 2287 1019 2354; x_wconf 86' lang='lat' dir='ltr'>denarius</span> <span class='ocrx_word' id='word_1_161' title='bbox 1048 2289 1081 2354; x_wconf 91' lang='lat' dir='ltr'>in</span> <span class='ocrx_word' id='word_1_162' title='bbox 1109 2289 1336 2374; x_wconf 83' lang='lat' dir='ltr'>anticaparte</span> <span class='ocrx_word' id='word_1_163' title='bbox 1361 2293 1457 2374; x_wconf 87' lang='lat' dir='ltr'>caput</span> 
     </span>
     <span class='ocr_line' id='line_1_20' title="bbox 304 2393 1454 2479; baseline 0.003 -22"><span class='ocrx_word' id='word_1_164' title='bbox 304 2393 481 2463; x_wconf 85' lang='lat' dir='ltr'>Libertatis</span> <span class='ocrx_word' id='word_1_165' title='bbox 500 2394 682 2459; x_wconf 89' lang='lat' dir='ltr'>laureatum</span> <span class='ocrx_word' id='word_1_166' title='bbox 701 2393 875 2460; x_wconf 87' lang='lat' dir='ltr'>ostendens</span> <span class='ocrx_word' id='word_1_167' title='bbox 890 2417 961 2460; x_wconf 91' lang='lat' dir='ltr'>cum</span> <span class='ocrx_word' id='word_1_168' title='bbox 978 2395 1040 2460; x_wconf 91' lang='lat' dir='ltr'>bac</span> <span class='ocrx_word' id='word_1_169' title='bbox 1053 2395 1278 2479; x_wconf 88' lang='lat' dir='ltr'>inscriptione:</span> <span class='ocrx_word' id='word_1_170' title='bbox 1303 2394 1454 2462; x_wconf 81' lang='lat' dir='ltr'>G·OAS·</span> 
     </span>
     <span class='ocr_line' id='line_1_21' title="bbox 306 2500 1455 2584; baseline -0.002 -17"><span class='ocrx_word' id='word_1_171' title='bbox 306 2500 375 2567; x_wconf 83' lang='lat' dir='ltr'>SEII</span> <span class='ocrx_word' id='word_1_172' title='bbox 389 2537 395 2550; x_wconf 92' lang='lat'><em>·</em></span> <span class='ocrx_word' id='word_1_173' title='bbox 410 2500 488 2566; x_wconf 90' lang='lat' dir='ltr'>IMP</span> <span class='ocrx_word' id='word_1_174' title='bbox 503 2537 524 2584; x_wconf 89' lang='lat'>·,</span> <span class='ocrx_word' id='word_1_175' title='bbox 556 2501 591 2566; x_wconf 95' lang='lat' dir='ltr'>in</span> <span class='ocrx_word' id='word_1_176' title='bbox 615 2523 729 2566; x_wconf 87' lang='lat' dir='ltr'>aversa</span> <span class='ocrx_word' id='word_1_177' title='bbox 751 2523 903 2566; x_wconf 88' lang='lat' dir='ltr'>cancrum</span> <span class='ocrx_word' id='word_1_178' title='bbox 929 2501 1085 2568; x_wconf 87' lang='lat' dir='ltr'>forficulis</span> <span class='ocrx_word' id='word_1_179' title='bbox 1112 2503 1322 2568; x_wconf 86' lang='lat' dir='ltr'>aorostolium</span> <span class='ocrx_word' id='word_1_180' title='bbox 1347 2507 1455 2569; x_wconf 83' lang='lat' dir='ltr'>tenen-</span> 
     </span>
     <span class='ocr_line' id='line_1_22' title="bbox 304 2606 1454 2684; baseline 0 -12"><span class='ocrx_word' id='word_1_181' title='bbox 304 2612 370 2674; x_wconf 90' lang='lat' dir='ltr'>tem</span> <span class='ocrx_word' id='word_1_182' title='bbox 399 2630 472 2676; x_wconf 88' lang='lat' dir='ltr'>cum</span> <span class='ocrx_word' id='word_1_183' title='bbox 500 2607 574 2672; x_wconf 87' lang='lat' dir='ltr'>hac:</span> <span class='ocrx_word' id='word_1_184' title='bbox 607 2607 662 2672; x_wconf 91' lang='lat' dir='ltr'>M·</span> <span class='ocrx_word' id='word_1_185' title='bbox 679 2606 1040 2674; x_wconf 65' lang='lat' dir='ltr'>scamma-nnc.</span> <span class='ocrx_word' id='word_1_186' title='bbox 1087 2607 1189 2684; x_wconf 83' lang='lat' dir='ltr'>Quem</span> <span class='ocrx_word' id='word_1_187' title='bbox 1216 2631 1389 2676; x_wconf 90' lang='lat' dir='ltr'>nummum</span> <span class='ocrx_word' id='word_1_188' title='bbox 1416 2608 1454 2672; x_wconf 89' lang='lat' dir='ltr'>ad</span> 
     </span>
     <span class='ocr_line' id='line_1_23' title="bbox 305 2712 1455 2801; baseline 0.001 -22"><span class='ocrx_word' id='word_1_189' title='bbox 305 2713 503 2779; x_wconf 69' lang='lat' dir='ltr'>sicensium</span> <span class='ocrx_word' id='word_1_190' title='bbox 522 2712 706 2798; x_wconf 85' lang='lat' dir='ltr'>Longinum</span> <span class='ocrx_word' id='word_1_191' title='bbox 720 2712 870 2779; x_wconf 81' lang='lat' dir='ltr'>Caesaris</span> <span class='ocrx_word' id='word_1_192' title='bbox 894 2713 1133 2781; x_wconf 76' lang='lat' dir='ltr'>interfectorem</span> <span class='ocrx_word' id='word_1_193' title='bbox 1156 2716 1287 2801; x_wconf 87' lang='lat' dir='ltr'>eiusque</span> <span class='ocrx_word' id='word_1_194' title='bbox 1312 2717 1353 2782; x_wconf 91' lang='lat' dir='ltr'>de</span> <span class='ocrx_word' id='word_1_195' title='bbox 1372 2715 1455 2780; x_wconf 84' lang='lat' dir='ltr'>Rbo-</span> 
     </span>
     <span class='ocr_line' id='line_1_24' title="bbox 306 2819 1453 2905; baseline 0.002 -21"><span class='ocrx_word' id='word_1_196' title='bbox 306 2820 368 2886; x_wconf 92' lang='lat' dir='ltr'>diis</span> <span class='ocrx_word' id='word_1_197' title='bbox 391 2819 560 2884; x_wconf 84' lang='lat' dir='ltr'>victoriam</span> <span class='ocrx_word' id='word_1_198' title='bbox 580 2819 656 2884; x_wconf 90' lang='lat' dir='ltr'>anni</span> <span class='ocrx_word' id='word_1_199' title='bbox 678 2820 742 2884; x_wconf 77' lang='lat'>712</span> <span class='ocrx_word' id='word_1_200' title='bbox 766 2824 920 2904; x_wconf 85' lang='lat' dir='ltr'>spectare,</span> <span class='ocrx_word' id='word_1_201' title='bbox 945 2822 1025 2887; x_wconf 88' lang='lat' dir='ltr'>satis</span> <span class='ocrx_word' id='word_1_202' title='bbox 1044 2821 1243 2905; x_wconf 86' lang='lat' dir='ltr'>disputatum</span> <span class='ocrx_word' id='word_1_203' title='bbox 1262 2827 1314 2890; x_wconf 90' lang='lat' dir='ltr'>est</span> <span class='ocrx_word' id='word_1_204' title='bbox 1333 2825 1375 2890; x_wconf 88' lang='lat' dir='ltr'>ab</span> <span class='ocrx_word' id='word_1_205' title='bbox 1390 2821 1453 2888; x_wconf 90' lang='lat' dir='ltr'>Ha-</span> 
     </span>
    </p>
   </div>
   <div class='ocr_carea' id='block_1_3' title="bbox 232 2925 1452 3334">
    <p class='ocr_par' dir='ltr' id='par_1_3' title="bbox 307 2925 1452 3119">
     <span class='ocr_line' id='line_1_25' title="bbox 307 2925 1452 3016; baseline -0.002 -23"><span class='ocrx_word' id='word_1_206' title='bbox 307 2927 488 3010; x_wconf 86' lang='lat' dir='ltr'>vercampio</span> <span class='ocrx_word' id='word_1_207' title='bbox 509 2948 538 3009; x_wconf 94' lang='lat' dir='ltr'>p.</span> <span class='ocrx_word' id='word_1_208' title='bbox 559 2927 611 3010; x_wconf 86' lang='lat'>81,</span> <span class='ocrx_word' id='word_1_209' title='bbox 633 2925 801 3012; x_wconf 84' lang='lat' dir='ltr'>Eckbelio,</span> <span class='ocrx_word' id='word_1_210' title='bbox 823 2927 1067 3014; x_wconf 85' lang='lat' dir='ltr'>Borghesioque</span> <span class='ocrx_word' id='word_1_211' title='bbox 1091 2930 1176 3013; x_wconf 88' lang='lat' dir='ltr'>apud</span> <span class='ocrx_word' id='word_1_212' title='bbox 1190 2928 1339 2996; x_wconf 81' lang='lat' dir='ltr'>Riccium</span> <span class='ocrx_word' id='word_1_213' title='bbox 1358 2953 1389 3016; x_wconf 92' lang='lat' dir='ltr'>p.</span> <span class='ocrx_word' id='word_1_214' title='bbox 1404 2928 1452 2994; x_wconf 74' lang='lat'>50.</span> 
     </span>
     <span class='ocr_line' id='line_1_26' title="bbox 395 3033 1452 3119; baseline -0.001 -21"><span class='ocrx_word' id='word_1_215' title='bbox 395 3033 505 3098; x_wconf 81' lang='lat' dir='ltr'>Etiam</span> <span class='ocrx_word' id='word_1_216' title='bbox 534 3033 665 3117; x_wconf 83' lang='lat' dir='ltr'>gravius</span> <span class='ocrx_word' id='word_1_217' title='bbox 694 3033 833 3100; x_wconf 86' lang='lat' dir='ltr'>alterum</span> <span class='ocrx_word' id='word_1_218' title='bbox 867 3039 917 3100; x_wconf 91' lang='lat' dir='ltr'>est</span> <span class='ocrx_word' id='word_1_219' title='bbox 944 3035 1030 3119; x_wconf 85' lang='lat' dir='ltr'>quod</span> <span class='ocrx_word' id='word_1_220' title='bbox 1058 3056 1097 3100; x_wconf 88' lang='lat' dir='ltr'>ex</span> <span class='ocrx_word' id='word_1_221' title='bbox 1125 3035 1286 3119; x_wconf 81' lang='lat' dir='ltr'>explicata</span> <span class='ocrx_word' id='word_1_222' title='bbox 1314 3059 1334 3102; x_wconf 89' lang='lat' dir='ltr'>a</span> <span class='ocrx_word' id='word_1_223' title='bbox 1360 3034 1452 3102; x_wconf 89' lang='lat' dir='ltr'>nobis</span> 
     </span>
    </p>

    <p class='ocr_par' dir='ltr' id='par_1_4' title="bbox 232 3137 1451 3334">
     <span class='ocr_line' id='line_1_27' title="bbox 232 3137 1450 3214; baseline -0.002 -7"><span class='ocrx_word' id='word_1_224' title='bbox 232 3169 291 3214; x_wconf 80' lang='lat' dir='ltr'>vm</span> <span class='ocrx_word' id='word_1_225' title='bbox 305 3139 473 3207; x_wconf 90' lang='lat' dir='ltr'>nominum</span> <span class='ocrx_word' id='word_1_226' title='bbox 495 3137 621 3203; x_wconf 89' lang='lat' dir='ltr'>ratione</span> <span class='ocrx_word' id='word_1_227' title='bbox 644 3138 786 3206; x_wconf 82' lang='lat' dir='ltr'>discItur.</span> <span class='ocrx_word' id='word_1_228' title='bbox 820 3141 995 3208; x_wconf 84' lang='lat' dir='ltr'>Enimvero</span> <span class='ocrx_word' id='word_1_229' title='bbox 1020 3141 1047 3206; x_wconf 91' lang='lat' dir='ltr'>si</span> <span class='ocrx_word' id='word_1_230' title='bbox 1068 3141 1108 3206; x_wconf 91' lang='lat' dir='ltr'>ab</span> <span class='ocrx_word' id='word_1_231' title='bbox 1128 3143 1194 3208; x_wconf 81' lang='lat' dir='ltr'>eius</span> <span class='ocrx_word' id='word_1_232' title='bbox 1210 3141 1316 3208; x_wconf 85' lang='lat' dir='ltr'>forma</span> <span class='ocrx_word' id='word_1_233' title='bbox 1333 3141 1450 3210; x_wconf 84' lang='lat' dir='ltr'>transi·</span> 
     </span>
     <span class='ocr_line' id='line_1_28' title="bbox 306 3245 1451 3334; baseline 0.001 -24"><span class='ocrx_word' id='word_1_234' title='bbox 306 3252 377 3312; x_wconf 90' lang='lat' dir='ltr'>tum</span> <span class='ocrx_word' id='word_1_235' title='bbox 400 3266 470 3310; x_wconf 87' lang='lat' dir='ltr'>esse</span> <span class='ocrx_word' id='word_1_236' title='bbox 494 3245 534 3310; x_wconf 86' lang='lat' dir='ltr'>ad</span> <span class='ocrx_word' id='word_1_237' title='bbox 557 3249 607 3311; x_wconf 80' lang='lat' dir='ltr'>ius</span> <span class='ocrx_word' id='word_1_238' title='bbox 630 3250 752 3312; x_wconf 88' lang='lat' dir='ltr'>certum</span> <span class='ocrx_word' id='word_1_239' title='bbox 776 3251 839 3332; x_wconf 84' lang='lat' dir='ltr'>est,</span> <span class='ocrx_word' id='word_1_240' title='bbox 871 3249 944 3330; x_wconf 85' lang='lat' dir='ltr'>ipsa</span> <span class='ocrx_word' id='word_1_241' title='bbox 974 3247 1120 3331; x_wconf 87' lang='lat' dir='ltr'>profecto</span> <span class='ocrx_word' id='word_1_242' title='bbox 1151 3248 1296 3332; x_wconf 85' lang='lat' dir='ltr'>ingenita</span> <span class='ocrx_word' id='word_1_243' title='bbox 1323 3250 1451 3334; x_wconf 82' lang='lat' dir='ltr'>linguae</span> 
     </span>
    </p>
   </div>
   <div class='ocr_carea' id='block_1_4' title="bbox 305 3351 1449 4291">
    <p class='ocr_par' dir='ltr' id='par_1_5' title="bbox 305 3351 1449 4291">
     <span class='ocr_line' id='line_1_29' title="bbox 306 3351 1449 3440; baseline 0 -22"><span class='ocrx_word' id='word_1_244' title='bbox 306 3353 390 3420; x_wconf 89' lang='lat' dir='ltr'>ratio</span> <span class='ocrx_word' id='word_1_245' title='bbox 413 3374 479 3420; x_wconf 90' lang='lat' dir='ltr'>non</span> <span class='ocrx_word' id='word_1_246' title='bbox 503 3351 636 3418; x_wconf 89' lang='lat' dir='ltr'>suadere</span> <span class='ocrx_word' id='word_1_247' title='bbox 664 3355 774 3437; x_wconf 91' lang='lat' dir='ltr'>potius</span> <span class='ocrx_word' id='word_1_248' title='bbox 801 3375 898 3438; x_wconf 86' lang='lat' dir='ltr'>quarn</span> <span class='ocrx_word' id='word_1_249' title='bbox 926 3355 1070 3420; x_wconf 89' lang='lat' dir='ltr'>naturali</span> <span class='ocrx_word' id='word_1_250' title='bbox 1097 3354 1234 3440; x_wconf 88' lang='lat' dir='ltr'>quadam</span> <span class='ocrx_word' id='word_1_251' title='bbox 1260 3355 1449 3424; x_wconf 84' lang='lat' dir='ltr'>necessitate</span> 
     </span>
     <span class='ocr_line' id='line_1_30' title="bbox 305 3458 1449 3545; baseline -0.002 -19"><span class='ocrx_word' id='word_1_252' title='bbox 305 3459 473 3545; x_wconf 84' lang='lat' dir='ltr'>postulare</span> <span class='ocrx_word' id='word_1_253' title='bbox 501 3458 636 3543; x_wconf 88' lang='lat' dir='ltr'>videtur,</span> <span class='ocrx_word' id='word_1_254' title='bbox 666 3459 745 3524; x_wconf 90' lang='lat' dir='ltr'>illud</span> <span class='ocrx_word' id='word_1_255' title='bbox 775 3465 811 3524; x_wconf 92' lang='lat' dir='ltr'>ut</span> <span class='ocrx_word' id='word_1_256' title='bbox 838 3483 903 3525; x_wconf 90' lang='lat' dir='ltr'>non</span> <span class='ocrx_word' id='word_1_257' title='bbox 930 3482 1000 3526; x_wconf 88' lang='lat' dir='ltr'>esse</span> <span class='ocrx_word' id='word_1_258' title='bbox 1028 3461 1220 3545; x_wconf 87' lang='lat' dir='ltr'>simpliciter</span> <span class='ocrx_word' id='word_1_259' title='bbox 1246 3460 1371 3530; x_wconf 86' lang='lat' dir='ltr'>factum</span> <span class='ocrx_word' id='word_1_260' title='bbox 1399 3459 1449 3526; x_wconf 88' lang='lat' dir='ltr'>sed</span> 
     </span>
     <span class='ocr_line' id='line_1_31' title="bbox 306 3565 1448 3654; baseline 0 -22"><span class='ocrx_word' id='word_1_261' title='bbox 306 3589 363 3652; x_wconf 88' lang='lat' dir='ltr'>per</span> <span class='ocrx_word' id='word_1_262' title='bbox 386 3565 505 3653; x_wconf 88' lang='lat' dir='ltr'>gradus</span> <span class='ocrx_word' id='word_1_263' title='bbox 528 3565 685 3649; x_wconf 87' lang='lat' dir='ltr'>quosdam</span> <span class='ocrx_word' id='word_1_264' title='bbox 709 3567 864 3632; x_wconf 87' lang='lat' dir='ltr'>credatur.</span> <span class='ocrx_word' id='word_1_265' title='bbox 908 3566 1023 3652; x_wconf 89' lang='lat' dir='ltr'>Itaque</span> <span class='ocrx_word' id='word_1_266' title='bbox 1048 3567 1316 3652; x_wconf 83' lang='lat' dir='ltr'>quemadmodum</span> <span class='ocrx_word' id='word_1_267' title='bbox 1340 3593 1359 3635; x_wconf 91' lang='lat' dir='ltr'>e</span> <span class='ocrx_word' id='word_1_268' title='bbox 1382 3589 1448 3654; x_wconf 87' lang='lat' dir='ltr'>pro·</span> 
     </span>
     <span class='ocr_line' id='line_1_32' title="bbox 306 3671 1449 3743; baseline -0.003 -3"><span class='ocrx_word' id='word_1_269' title='bbox 306 3675 409 3740; x_wconf 90' lang='lat' dir='ltr'>ductis</span> <span class='ocrx_word' id='word_1_270' title='bbox 429 3673 540 3737; x_wconf 92' lang='lat' dir='ltr'>illius</span> <span class='ocrx_word' id='word_1_271' title='bbox 564 3671 680 3738; x_wconf 90' lang='lat' dir='ltr'>istius</span> <span class='ocrx_word' id='word_1_272' title='bbox 705 3673 826 3738; x_wconf 85' lang='lat' dir='ltr'>ullius</span> <span class='ocrx_word' id='word_1_273' title='bbox 849 3674 962 3743; x_wconf 89' lang='lat' dir='ltr'>unius</span> <span class='ocrx_word' id='word_1_274' title='bbox 986 3675 1114 3739; x_wconf 89' lang='lat' dir='ltr'>utrius</span> <span class='ocrx_word' id='word_1_275' title='bbox 1137 3675 1261 3740; x_wconf 89' lang='lat' dir='ltr'>totius</span> <span class='ocrx_word' id='word_1_276' title='bbox 1285 3675 1449 3742; x_wconf 86' lang='lat' dir='ltr'>alterius</span> 
     </span>
     <span class='ocr_line' id='line_1_33' title="bbox 307 3778 1448 3867; baseline -0.001 -23"><span class='ocrx_word' id='word_1_277' title='bbox 307 3778 467 3865; x_wconf 75' lang='lat' dir='ltr'>genetiuis</span> <span class='ocrx_word' id='word_1_278' title='bbox 496 3784 661 3862; x_wconf 83' lang='lat' dir='ltr'>correptae</span> <span class='ocrx_word' id='word_1_279' title='bbox 693 3778 818 3845; x_wconf 89' lang='lat' dir='ltr'>formae</span> <span class='ocrx_word' id='word_1_280' title='bbox 853 3779 1078 3866; x_wconf 82' lang='lat' dir='ltr'>prodierunti</span> <span class='ocrx_word' id='word_1_281' title='bbox 1107 3781 1177 3846; x_wconf 78' lang='lat' dir='ltr'>ini</span> <span class='ocrx_word' id='word_1_282' title='bbox 1206 3802 1375 3867; x_wconf 87' lang='lat' dir='ltr'>conversa,</span> <span class='ocrx_word' id='word_1_283' title='bbox 1406 3781 1448 3845; x_wconf 87' lang='lat' dir='ltr'>ita</span> 
     </span>
     <span class='ocr_line' id='line_1_34' title="bbox 306 3883 1447 3970; baseline -0.004 -18"><span class='ocrx_word' id='word_1_284' title='bbox 306 3907 441 3970; x_wconf 85' lang='lat' dir='ltr'>prorsus</span> <span class='ocrx_word' id='word_1_285' title='bbox 465 3887 716 3949; x_wconf 88' lang='lat' dir='ltr'>consentaneum</span> <span class='ocrx_word' id='word_1_286' title='bbox 740 3889 790 3950; x_wconf 90' lang='lat' dir='ltr'>est</span> <span class='ocrx_word' id='word_1_287' title='bbox 811 3885 845 3950; x_wconf 92' lang='lat' dir='ltr'>in</span> <span class='ocrx_word' id='word_1_288' title='bbox 865 3885 1035 3952; x_wconf 91' lang='lat' dir='ltr'>hominum</span> <span class='ocrx_word' id='word_1_289' title='bbox 1058 3887 1241 3952; x_wconf 88' lang='lat' dir='ltr'>nominibus</span> <span class='ocrx_word' id='word_1_290' title='bbox 1265 3888 1305 3953; x_wconf 90' lang='lat' dir='ltr'>ab</span> <span class='ocrx_word' id='word_1_291' title='bbox 1324 3890 1390 3955; x_wconf 81' lang='lat' dir='ltr'>eius</span> <span class='ocrx_word' id='word_1_292' title='bbox 1412 3883 1447 3952; x_wconf 88' lang='lat' dir='ltr'>ud</span> 
     </span>
     <span class='ocr_line' id='line_1_35' title="bbox 306 3991 1445 4078; baseline -0.001 -20"><span class='ocrx_word' id='word_1_293' title='bbox 306 3998 357 4060; x_wconf 78' lang='lat' dir='ltr'>ius</span> <span class='ocrx_word' id='word_1_294' title='bbox 378 3993 524 4077; x_wconf 84' lang='lat' dir='ltr'>linguam</span> <span class='ocrx_word' id='word_1_295' title='bbox 552 4013 609 4075; x_wconf 89' lang='lat' dir='ltr'>per</span> <span class='ocrx_word' id='word_1_296' title='bbox 637 4003 687 4058; x_wconf 71' lang='lat' dir='ltr'>ius</span> <span class='ocrx_word' id='word_1_297' title='bbox 716 3992 883 4058; x_wconf 88' lang='lat' dir='ltr'>transisse.</span> <span class='ocrx_word' id='word_1_298' title='bbox 929 3991 1036 4078; x_wconf 82' lang='lat' dir='ltr'>Atque</span> <span class='ocrx_word' id='word_1_299' title='bbox 1059 3994 1108 4058; x_wconf 87' lang='lat' dir='ltr'>ita</span> <span class='ocrx_word' id='word_1_300' title='bbox 1130 4015 1243 4078; x_wconf 87' lang='lat' dir='ltr'>reapse</span> <span class='ocrx_word' id='word_1_301' title='bbox 1266 3994 1445 4078; x_wconf 87' lang='lat' dir='ltr'>pronuntia·</span> 
     </span>
     <span class='ocr_line' id='line_1_36' title="bbox 307 4096 1445 4187; baseline -0.002 -21"><span class='ocrx_word' id='word_1_302' title='bbox 307 4105 377 4166; x_wconf 91' lang='lat' dir='ltr'>tum</span> <span class='ocrx_word' id='word_1_303' title='bbox 397 4120 468 4164; x_wconf 87' lang='lat' dir='ltr'>esse</span> <span class='ocrx_word' id='word_1_304' title='bbox 487 4096 669 4182; x_wconf 64' lang='lat' dir='ltr'>aliquanda</span> <span class='ocrx_word' id='word_1_305' title='bbox 691 4097 788 4183; x_wconf 87' lang='lat' dir='ltr'>longe</span> <span class='ocrx_word' id='word_1_306' title='bbox 807 4099 1001 4184; x_wconf 83' lang='lat' dir='ltr'>gravissimo</span> <span class='ocrx_word' id='word_1_307' title='bbox 1020 4099 1211 4166; x_wconf 87' lang='lat' dir='ltr'>documento</span> <span class='ocrx_word' id='word_1_308' title='bbox 1231 4099 1265 4166; x_wconf 86' lang='lat' dir='ltr'>L.</span> <span class='ocrx_word' id='word_1_309' title='bbox 1282 4098 1445 4187; x_wconf 83' lang='lat' dir='ltr'>Scipionis,</span> 
     </span>
     <span class='ocr_line' id='line_1_37' title="bbox 307 4203 1444 4291; baseline 0 -21"><span class='ocrx_word' id='word_1_310' title='bbox 307 4205 442 4271; x_wconf 88' lang='lat' dir='ltr'>Barbati</span> <span class='ocrx_word' id='word_1_311' title='bbox 465 4203 487 4269; x_wconf 83' lang='lat' dir='ltr'>f.</span> <span class='ocrx_word' id='word_1_312' title='bbox 515 4203 657 4288; x_wconf 88' lang='lat' dir='ltr'>elogium</span> <span class='ocrx_word' id='word_1_313' title='bbox 685 4203 781 4290; x_wconf 89' lang='lat' dir='ltr'>illud,</span> <span class='ocrx_word' id='word_1_314' title='bbox 812 4206 898 4290; x_wconf 90' lang='lat' dir='ltr'>qnod</span> <span class='ocrx_word' id='word_1_315' title='bbox 932 4210 982 4272; x_wconf 91' lang='lat' dir='ltr'>est</span> <span class='ocrx_word' id='word_1_316' title='bbox 1014 4208 1157 4273; x_wconf 91' lang='lat' dir='ltr'>omnium</span> <span class='ocrx_word' id='word_1_317' title='bbox 1190 4206 1444 4291; x_wconf 81' lang='lat' dir='ltr'>antiquissimum</span> 
     </span>
    </p>
   </div>
   <div class='ocr_carea' id='block_1_5' title="bbox 311 4313 521 4320">
    <p class='ocr_par' dir='ltr' id='par_1_6' title="bbox 311 4313 521 4320">
     <span class='ocr_line' id='line_1_38' title="bbox 311 4313 521 4320; baseline 0 0"><span class='ocrx_word' id='word_1_318' title='bbox 311 4313 521 4320; x_wconf 74' lang='lat'>——.--—--</span> 
     </span>
    </p>
   </div>
   <div class='ocr_carea' id='block_1_6' title="bbox 309 4340 1442 4500">
    <p class='ocr_par' dir='ltr' id='par_1_7' title="bbox 309 4340 1442 4500">
     <span class='ocr_line' id='line_1_39' title="bbox 309 4340 1442 4484; baseline 0.002 -88"><span class='ocrx_word' id='word_1_319' title='bbox 309 4428 344 4484; x_wconf 57' lang='lat' dir='ltr'>ad</span> <span class='ocrx_word' id='word_1_320' title='bbox 396 4341 428 4483; x_wconf 56' lang='grc' dir='ltr'>*ὲ</span> <span class='ocrx_word' id='word_1_321' title='bbox 442 4340 545 4412; x_wconf 84' lang='lat' dir='ltr'>[Aliter</span> <span class='ocrx_word' id='word_1_322' title='bbox 568 4343 641 4397; x_wconf 88' lang='lat' dir='ltr'>hanc</span> <span class='ocrx_word' id='word_1_323' title='bbox 668 4342 786 4398; x_wconf 82' lang='lat' dir='ltr'>formam</span> <span class='ocrx_word' id='word_1_324' title='bbox 810 4343 962 4415; x_wconf 82' lang='lat' dir='ltr'>explicavit</span> <span class='ocrx_word' id='word_1_325' title='bbox 986 4345 1156 4402; x_wconf 81' lang='lat' dir='ltr'>Ritechelius</span> <span class='ocrx_word' id='word_1_326' title='bbox 1180 4345 1279 4418; x_wconf 83' lang='lat' dir='ltr'>Opusc.</span> <span class='ocrx_word' id='word_1_327' title='bbox 1304 4345 1331 4401; x_wconf 87' lang='lat'>11</span> <span class='ocrx_word' id='word_1_328' title='bbox 1353 4365 1381 4418; x_wconf 86' lang='lat' dir='ltr'>p.</span> <span class='ocrx_word' id='word_1_329' title='bbox 1399 4349 1442 4401; x_wconf 72' lang='lat'>64⁴</span> 
     </span>
     <span class='ocr_line' id='line_1_40' title="bbox 345 4429 750 4500; baseline -0.005 -18"><span class='ocrx_word' id='word_1_330' title='bbox 345 4447 370 4484; x_wconf 90' lang='lat' dir='ltr'>n.</span> <span class='ocrx_word' id='word_1_331' title='bbox 431 4429 509 4500; x_wconf 88' lang='lat' dir='ltr'>.W.]</span> <span class='ocrx_word' id='word_1_332' title='bbox 747 4431 750 4440; x_wconf 94' lang='lat'>&#39;</span> 
     </span>
    </p>
   </div>
   <div class='ocr_carea' id='block_1_7' title="bbox 0 0 1537 5142">
    <p class='ocr_par' dir='ltr' id='par_1_8' title="bbox 0 0 1537 5142">
     <span class='ocr_line' id='line_1_41' title="bbox 0 0 1537 5142; baseline 0 0"><span class='ocrx_word' id='word_1_333' title='bbox 0 0 1537 5142; x_wconf 95' lang='lat' dir='ltr'> </span> 
     </span>
    </p>
   </div>
  </div>
 </body>
</html>
