2948 5048
468 122 676 171 narmonvu
698 122 964 183 curiovrssrms.
1222 105 1287 168 275

142 263 325 344 persuadet.
357 261 447 338 Quae
470 266 631 349 prosodia,
655 265 682 328 si
706 266 888 331 trochaicus
909 286 1019 328 versus
1038 265 1201 327 essetnec
1219 284 1287 328 cor-

144 374 257 453 ruptus
290 370 436 455 gravius,
473 373 594 436 servari
627 372 672 436 sic
703 375 847 455 poterat:
881 370 1069 454 ‘uectigalia
1089 370 1100 453 ll
1121 369 1288 454 negarunt

144 480 253 540 uestra
276 478 309 540 e‘t
332 480 503 543 seruantur
526 479 639 542 statim
663 528 777 543 .....
780 477 789 504 ’
827 477 889 542 Sed
914 501 983 543 esse
1007 482 1192 560 corruptum
1215 499 1287 561 par·

149 579 205 646 tim
232 581 418 668 Madvigius
448 584 572 648 viderat
600 584 714 668 Opusc.
742 585 839 668 prior.
866 607 897 668 p.
916 585 969 666 93,
1001 584 1121 668 partim
1148 583 1230 647 vidit
1253 583 1288 646 iu

152 689 308 764 prooemio
333 690 526 773 anni1849,
549 691 634 775 quod
658 694 708 755 est
731 690 769 755 de
793 689 953 773 Sotadeis,
980 689 1206 754 Lachmannus
1231 686 1287 753 So·

156 791 275 859 meum
298 796 384 860 hunc
408 797 615 861 conformans
638 799 702 880 pi
724 798 853 883 [Opusc.
877 797 910 861 II.
934 820 963 881 p.
980 798 1034 876 72]
1059 795 1145 860 haud
1168 796 1288 879 impro-

158 892 288 967 babilem
312 903 347 966 in
369 905 462 967 tanta
486 903 683 967 obscuritate
707 905 902 968 sententiae:

275 1034 459 1121 Vectigalia
481 1037 615 1120 e'gerant
637 1040 760 1118 uestra,
784 1038 816 1099 et
839 1040 1006 1101 struantur
1029 1037 1150 1101 stitim.

146 1163 237 1233 Alter
255 1170 348 1234 testis
367 1169 504 1253 prodeat
521 1170 680 1252 Donatus,
703 1169 737 1233 in
755 1169 960 1235 Phormionis
981 1193 1091 1235 versus
1107 1170 1148 1254 V,
1161 1172 1191 1254 3,
1206 1171 1226 1235 6
1242 1192 1288 1254 sq.

140 1272 189 1336 sic
218 1275 312 1338 scribi
336 1275 466 1340 solitos:
499 1274 667 1340 ‘Tutatun
690 1297 766 1340 nam
790 1298 828 1340 ex
852 1276 904 1340 his
928 1277 1069 1360 praediis
1092 1278 1217 1342 talenta
1240 1299 1289 1340 ar-

131 1382 236 1460 genti
257 1378 335 1445 bina
358 1381 368 1465 ΙΙ
392 1378 511 1445 Statim
535 1382 693 1465 capiebat.
732 1383 820 1466 hem,
852 1382 902 1447 uir
924 1384 994 1447 uiro
1024 1383 1100 1466 quid
1123 1381 1289 1466 praestat?

128 1479 257 1551 Binan’
281 1487 437 1572 quaeso?
460 1487 540 1552 haec
564 1494 798 1554 commentatus
822 1513 842 1554 a
865 1489 1126 1554 Lindeubruchio
1149 1488 1289 1573 primum

124 1588 246 1657 edita:
269 1592 394 1658 ‘statim
413 1594 577 1678 capiebat]
602 1597 736 1660 statim
760 1601 925 1680 perpetuo,
949 1596 1127 1680 aequaliter
1146 1599 1178 1658 ct
1198 1596 1289 1679 quasi

122 1712 216 1760 uno
235 1703 329 1766 stetu.
366 1700 516 1765 Plautus:
539 1703 587 1767 ita
610 1703 723 1767 statim
746 1706 834 1766 stant
852 1703 954 1787 signa.
982 1707 1015 1766 et
1032 1702 1131 1766 habet
1150 1701 1289 1784 primam

119 1792 285 1889 longam.
327 1807 455 1890 quando
479 1812 584 1872 autem
615 1810 778 1894 significat
802 1810 888 1873 aliud
914 1812 969 1889 [on
992 1809 1119 1892 ilico?],
1150 1809 1289 1891 primam

117 1898 274 1977 breuem
297 1912 419 1978 habet?
465 1912 554 1989 Quae
578 1913 824 1979 Westerhovius
853 1917 1035 1998 suspicatur
1058 1914 1181 1980 Donati
1204 1935 1289 1978 com·

117 2019 310 2084 menonis
334 2019 479 2085 eNonio
504 2020 631 2085 demum
657 2021 840 2103 accessisse,
864 2022 918 2106 qui
938 2021 1017 2085 haec
1036 2021 1146 2104 posuit
1163 2042 1194 2103 p.
1209 2020 1288 2084 393:

117 2104 180 2178 ‘⁸¹³
190 2126 290 2190 atim
322 2125 480 2209 producta
507 2128 613 2211 prima
641 2127 766 2211 syllaba
795 2150 814 2191 a
842 2128 957 2191 stando
985 2131 1231 2210 perseueranter
1258 2133 1290 2190 et

116 2233 323 2310 aequaliter
351 2232 522 2316 significat.
569 2233 753 2299 Terentius:
782 2234 859 2298 bina
886 2232 1012 2297 talenta
1035 2232 1201 2315 capiebam
1225 2236 1290 2295 sta·

114 2319 220 2399 ti111.
260 2339 394 2404 Plautus
419 2338 633 2422 Amfitryone:
663 2360 723 2404 nec
746 2339 867 2404 recedit
890 2339 960 2403 loco
985 2339 1062 2422 quin
1086 2339 1198 2403 statim
1222 2360 1290 2402 rem

113 2441 246 2507 gerat.
272 2445 357 2509 idem
380 2445 415 2508 in
439 2445 565 2510 eadem:
589 2445 637 2510 ita
660 2445 772 2509 statim
793 2449 883 2510 stant
901 2445 996 2529 signa
1015 2445 1132 2509 omnia.
1164 2444 1290 2509 Ennius

113 2526 257 2614 Aiace:
293 2551 348 2635 qui
380 2572 449 2614 rem
482 2573 554 2615 cum
588 2551 725 2616 Achiuis
758 2554 930 2635 gesserunt
963 2551 1085 2614 statim.
1135 2550 1290 2615 Afranius

112 2632 290 2736 Augare:
323 2678 518 2742 quamquam
545 2679 611 2721 non
639 2658 711 2722 istis
740 2662 906 2722 exercetur
934 2658 969 2720 in
993 2656 1074 2720 locis
1104 2656 1157 2720 hic
1180 2658 1291 2721 noster

112 2734 312 2859 {elaborat
335 2785 408 2829 cum
432 2785 511 2847 pucr
535 2762 668 2828 statim?
710 2763 798 2840 Quae
823 2763 970 2847 exempla
993 2763 1102 2828 omnia
1126 2784 1164 2827 eo
1188 2761 1291 2826 curio·

111 2860 214 2926 ⁸¹⁰8
237 2870 441 2955 expendenda
468 2876 545 2935 sunt
569 2871 775 2955 singillatim,
807 2893 870 2956 quo
899 2871 1003 2955 magis
1032 2869 1148 2934 mirum
1173 2869 1292 2935 accidit

109 2967 217 3034 ‘³³⁸8
240 2976 272 3040 in
295 2976 341 3041 eis
364 2976 490 3042 nullum
518 2999 582 3061 quo
610 2976 788 3041 necessitas
816 2975 1039 3060 producendae
1069 2975 1215 3060 syllabae
1239 2976 1291 3039 de·

107 3070 350 3175 ¹{10nsuetur,
373 3083 530 3167 quaedam
551 3085 630 3147 adeo
651 3105 733 3167 quae
752 3082 965 3167 refragentur.
989 3081 1089 3146 Velut
1104 3082 1180 3166 quid
1195 3081 1291 3146 Plau·

106 3158 214 3245 tulo
240 3188 270 3253 in
293 3188 534 3275 Amphitruone
559 3212 651 3255 versu
675 3190 834 3273 1,1,120
857 3189 1026 3271 probatur:

167 3302 251 3386 'Iu
271 3323 384 3388 statim
408 3326 498 3388 stant
519 3321 613 3407 signa
636 3344 739 3405 neque
762 3345 826 3387 nox
850 3325 1012 3407 quoquam
1036 3319 1183 3384 concedit
1206 3321 1267 3404 die,
1291 3366 1302 3388 0

108 3437 237 3518 e”ius
265 3456 361 3521 initio
397 3479 469 3522 cum
502 3455 685 3535 ὀξυτόνηει(
716 3455 884 3539 spondiaci
917 3453 1067 3519 vocabuli
1098 3452 1180 3517 nihil
1214 3473 1291 3517 sane

111 3537 330 3644 Pffensionis
354 3561 490 3643 habeat,
518 3564 553 3625 at
576 3560 683 3624 minus
706 3561 853 3643 profecto
877 3560 977 3623 habet
999 3559 1197 3624 iambicum?
1230 3558 1291 3623 Vel

114 3652 215 3764 {1²⁸0
240 3666 449 3752 Terentiam,
481 3669 509 3731 si
536 3668 565 3731 is
594 3688 631 3731 eo
661 3689 724 3750 quo
753 3667 878 3731 codices
906 3668 1070 3729 testantur
1100 3666 1196 3730 initio
1228 3662 1292 3729 fuit

138 3739 275 3838 Scap,
293 3772 479 3857 capiebat’?
510 3772 612 3857 Atqui
631 3772 684 3836 hic
704 3795 768 3835 non
789 3776 839 3835 est
859 3793 934 3834 sane
954 3769 1016 3832 levi
1035 3768 1194 3833 factarum
1213 3770 1290 3834 olim

130 3849 312 3946 ffirbarum
340 3880 459 3945 indicio
484 3879 568 3964 quod
597 3879 725 3943 muerso
749 3878 860 3942 ordine
886 3874 1055 3958 ‘Capie‘bat
1079 3874 1201 3939 statim'
1224 3876 1332 3941 N0-1s

143 3963 221 4044 ¹5⁰8
243 3986 397 4070 prodidit,
420 3986 552 4051 tametsi
576 3986 661 4069 apud
685 3985 820 4048 eundem
843 4006 873 4066 p.
893 3981 958 4045 254
982 3979 1106 4045 ‘statim
1130 3981 1290 4066 capiebat'

69 4082 86 4167 l
155 4079 202 4142 ‘ll
223 4096 256 4157 ut
278 4093 312 4157 in
327 4091 530 4157 Terentiams
555 4092 657 4157 libris.
696 4089 758 4155 Sed
781 4093 891 4153 tamen
916 4091 968 4152 sat
990 4088 1084 4171 gravi
1103 4086 1183 4151 illud
1202 4110 1291 4153 caus·

166 4200 209 4253 Μ
233 4196 383 4264 Bentleio
414 4198 478 4264 fuit
511 4220 568 4264 cur
600 4198 782 4263 rectissimo
815 4217 866 4259 me
899 4195 1002 4260 iudice
1036 4214 1131 4258 sensu
1164 4199 1292 4260 servata

1025 4301 1077 4353 18*

83 4375 119 4408 ι
