2948 5048
482 365 653 414 Poueouu
676 365 820 414 nussum
844 366 990 414 nonnas.
1267 350 1312 413 29

161 525 250 572 nl'ra
288 507 391 572 cadat.
445 504 513 572 Nec
552 508 657 573 minus
695 508 847 593 languere
885 530 1091 573 nonensem·
1107 525 1230 572 mnan
1262 508 1313 572 vel

165 632 314 679 erumna
337 615 494 699 sentietis,
517 615 588 698 pari
612 615 740 699 quidem
758 613 892 680 numero
910 617 1105 699 litterarum,
1127 614 1224 679 nimis
1249 613 1311 678 dis·
1430 631 1436 639 “

164 721 265 785 simili
283 721 387 787 initio,
419 720 504 787 Nam
519 721 660 805 aliquam
675 725 761 786 certe
780 721 1001 787 similitudinis
1021 721 1160 805 speciem
1182 743 1312 786 servan·

166 826 241 891 dam
261 850 333 893 esse
352 826 451 892 iidem
469 848 529 891 nos
549 827 779 913 intellegimus,
801 828 857 911 qui
871 849 948 893 sane
964 850 1037 892 cum
1051 828 1085 892 in
1099 850 1128 892 v.
1141 829 1180 890 13
1196 831 1264 891 tum
1279 827 1313 892 in

164 934 252 998 hunc
266 955 395 998 versum
409 932 569 1016 imprimis
584 933 691 997 valere
703 933 795 997 illam
805 932 1059 999 admonitionem
1068 934 1239 1018 voluimus,
1249 957 1313 1018 qua

166 1040 344 1105 cavendum
368 1061 437 1104 esse
461 1039 599 1103 diximus
622 1060 663 1103 ne
686 1039 725 1103 de
744 1039 784 1103 iis
798 1037 942 1123 lapidum
960 1039 1117 1124 partibus,
1141 1062 1220 1124 quas
1244 1041 1312 1104 sive
1322 1060 1383 1099 xm

166 1152 349 1232 temporum
371 1149 438 1212 sive
462 1146 630 1226 hominum
654 1146 773 1211 iniuria
795 1147 934 1212 corrosit
960 1151 1017 1212 aut
1039 1136 1188 1228 detrivit,⁴
1215 1146 1311 1210 nimis

167 1252 239 1317 fidei
263 1254 440 1339 legentium
463 1274 501 1317 ao
522 1253 810 1318 transcribentium
828 1253 1025 1318 testimoniis
1044 1252 1095 1317 vel
1111 1253 1221 1337 potius
1241 1275 1312 1317 eon-

166 1360 297 1424 iecturis
320 1360 496 1425 tribuatur:
519 1360 638 1444 quippe
661 1360 743 1424 tales
767 1360 892 1444 lapides
912 1358 1103 1445 quicumque
1122 1358 1224 1425 oeulis
1243 1380 1312 1423 um-

166 1487 263 1549 quam
282 1467 448 1550 tractavit,
472 1488 531 1531 suo
551 1470 702 1551 expertus
722 1468 869 1550 exemplo
887 1469 979 1533 erevit
998 1467 1164 1552 quamsit
1181 1466 1312 1531 difficile

165 1573 207 1638 ab
230 1572 361 1637 lineolis
385 1573 594 1657 apicibusque
617 1594 694 1638 casu
718 1575 798 1638 ortis
826 1573 954 1638 residua
980 1573 1166 1658 fragmenta
1188 1573 1312 1637 littera-

163 1701 236 1743 rum
251 1678 432 1744 discernere
447 1701 506 1743 nec
520 1678 667 1743 rimando
682 1679 733 1742 vel
747 1679 914 1744 nolentem
928 1679 1091 1746 hariolari.
1115 1679 1230 1763 Itaque
1239 1700 1311 1742 cum

159 1787 324 1851 'incertum
349 1805 373 1850 Η
402 1786 446 1851 sit
473 1789 548 1852 ante
572 1802 616 1850 oc
646 1786 774 1850 litteras
798 1786 930 1870 lectum,
954 1786 1092 1852 fortasse
1115 1807 1181 1850 non
1204 1786 1312 1869 inepte
1399 1789 1404 1798 '

164 1893 306 1959 conicias
328 1910 396 1959 vos
410 1928 418 1943 ·
433 1911 470 1958 m
484 1927 492 1943 ·
507 1909 713 1958 suevnouao
728 1927 735 1942 ·
750 1909 857 1958 eoem
871 1927 879 1942 ·
895 1914 1020 1957 errare
1035 1926 1042 1941 ·
1057 1910 1225 1958 remmus.
1259 1891 1312 1956 Sic

164 1999 217 2065 Sic
239 2000 384 2065 carmine
408 1999 580 2085 sepulcrali
599 1997 819 2084 Anthologiae
840 1999 927 2064 1450
949 1998 997 2064 ed.
1015 1999 1137 2083 Meyer.
1160 1998 1311 2063 defuncto

163 2111 303 2190 patrono
326 2106 477 2172 libertus:
499 2105 618 2171 ossibus
639 2104 807 2185 infundam
825 2126 903 2187 qnae
919 2126 1091 2187 nnmqnnm
1108 2107 1184 2170 eine
1201 2106 1311 2171 bibisti.

163 2211 290 2278 Ibidem
314 2213 523 2278 carm.1439:
545 2216 639 2292 ntqne
651 2212 718 2276 snis
730 2211 874 2277 niunebns
886 2213 977 2293 flores
989 2211 1068 2276 mibi
1080 2213 1211 2294 vinoque
1223 2224 1311 2294 saepe

161 2320 311 2399 siimteret.
362 2311 408 2385 Et
433 2320 532 2384 1139:
566 2320 636 2384 vino
668 2339 826 2402 censperpe
852 2320 1032 2402 amalonem.
1079 2316 1126 2383 of.
1153 2319 1252 2383 1312:
1283 2320 1312 2383 si

161 2431 270 2509 manes
291 2425 381 2490 mmo
394 2445 433 2504 es,
450 2426 550 2502 misce,
569 2424 641 2508 nee,
664 2426 706 2489 da
720 2426 772 2489 mi.
801 2425 923 2490 Verum
943 2427 1112 2510 aliquanto
1132 2424 1311 2489 consultius
1367 2512 1368 2515 Ἴ
1462 2423 1465 2428 ’

164 2554 282 2597 novam
297 2532 384 2596 viam
398 2531 483 2596 hanc
495 2531 584 2596 ineas
603 2534 641 2594 ut
654 2535 784 2596 servato
802 2549 872 2598 Hoc
891 2533 942 2596 vel
962 2551 1004 2596 nn
1020 2567 1027 2582 ·
1042 2554 1214 2596 irenem·
1231 2548 1311 2594 ren-

164 2657 248 2705 em:
277 2638 329 2704 vel
352 2629 396 2702 nn
412 2672 419 2687 ·
434 2658 618 2709 cerneres·
634 2655 742 2702 amna
770 2637 820 2701 vel
844 2655 967 2702 neerei
980 2673 987 2688 ·
1002 2661 1064 2702 ns·
1080 2655 1205 2702 enema
1236 2659 1308 2722 pro-

164 2768 277 2829 ponas.
310 2743 403 2809 Nihil
421 2743 457 2809 in
475 2744 692 2809 monumentis
712 2744 946 2828 sepulcralibus
965 2745 1166 2829 frequentius
1189 2744 1309 2808 talibus

164 2852 275 2936 qualia
297 2851 378 2916 haee
401 2858 489 2916 sunt:
512 2853 554 2916 dn
567 2853 748 2934 qnienmqne
766 2852 839 2934 lepis
856 2851 945 2932 fietus
965 2852 1311 2936 Anth.1244,qneqn

164 2959 236 3042 lepis
254 2960 357 3024 dotem
377 2958 472 3042 1164,
493 2959 548 3040 qni
571 2959 644 3041 lepis
765 2959 927 3023 lacrimem
947 2959 1025 3040 fatis
1046 2959 1088 3023 da
1107 2959 1311 3042 pemitnmqnc

162 3066 239 3132 meis
265 3065 359 3147 1340,
382 3064 528 3129 ammas
549 3070 579 3129 et
597 3066 654 3147 pin
674 3069 745 3130 netu
766 3065 836 3130 dete
857 3064 951 3147 1387,
978 3084 1078 3128 nenne
1100 3066 1196 3148 ipitm
1220 3065 1310 3129 tector

163 3170 329 3237 luerimes?
355 3170 448 3235 1352.
485 3168 597 3255 Neque
620 3192 697 3234 vero
720 3171 867 3256 exempla
890 3170 1007 3235 desunt
1029 3191 1111 3255 quae
1129 3170 1162 3234 in
1182 3175 1308 3236 contra-

161 3279 246 3344 riam
268 3282 398 3362 partem
415 3275 556 3360 valeant,
578 3279 615 3340 ut
634 3276 754 3341 ibidem
772 3278 871 3341 1341:
894 3275 1065 3341 Desinite
1090 3277 1181 3354 lectu,
1203 3284 1309 3358 qnestn

163 3386 321 3451 menemus
335 3384 472 3465 fundere,
495 3383 533 3448 Si
550 3385 585 3447 in
598 3384 663 3446 vite
680 3383 816 3447 iacienda
833 3403 870 3447 ae
889 3383 1039 3465 eoieeptnti
1055 3382 1105 3463 fni
1120 3383 1218 3465 Vobis,
1240 3387 1307 3448 niro

160 3497 254 3574 atqeie
275 3490 386 3555 amieis
407 3490 546 3570 notisque
567 3471 708 3553 mnnibm
737 3486 797 3573 (sic
822 3489 908 3552 enim
931 3487 1011 3553 haec
1033 3509 1106 3553 cum
1131 3487 1308 3554 Schradero

160 3595 422 3662 reconcinnanda
443 3592 601 3681 fuerunt)3
625 3593 710 3659 idem
728 3594 827 3658 1344:
850 3593 913 3659 Sed
933 3596 1080 3676 qnonimn
1102 3596 1194 3660 multi
1217 3598 1307 3661 telem

159 3718 280 3770 sensere
300 3702 448 3785 deterere,
475 3700 539 3765 Nee
560 3702 724 3783 qumquam
751 3701 803 3765 leti
828 3702 946 3766 sineere
971 3703 1035 3767 eim
1051 3703 1171 3784 petent:
1198 3702 1307 3768 Desi-

159 3811 239 3874 nite
260 3808 429 3873 aenean
447 3807 547 3872 dulces
564 3828 612 3872 me
628 3807 701 3888 fiere
712 3811 866 3889 parentes,
889 3807 1060 3874 Desinite
1082 3814 1111 3873 et
1125 3809 1188 3890 feti
1205 3810 1308 3874 tristia

158 3918 237 3981 inre
253 3916 356 3997 queem
380 3912 431 3978 vel
451 3913 533 3978 satis
551 3913 678 3978 vitiosis
698 3913 844 3979 versibus
862 3914 1013 3979 carminis
1036 3915 1134 3979 1421:
1160 3902 1307 3998 Tempem

158 4024 229 4086 inm
247 4021 368 4103 pmitor
394 4021 547 4098 lacrimis,
580 4025 671 4103 tnqne
698 4022 814 4103 optieim
840 4025 939 4085 neuter
960 4020 1099 4085 Desine
1125 4023 1191 4086 inm
1218 4022 1307 4104 flere:

152 4147 291 4212 pomum
312 4146 376 4191 nen
398 4128 494 4192 sentio
516 4129 640 4204 mertia
664 4127 771 4193 Peene
792 4127 857 4208 fnit
877 4128 955 4209 vite,
977 4129 1095 4209 requies
1116 4127 1195 4192 miti
1212 4101 1331 4194 morte⁰

151 4239 275 4319 parata
296 4238 348 4300 est.
380 4232 426 4298 at
448 4233 534 4318 apud
548 4232 704 4298 Orellium
722 4234 825 4300 4829:
849 4232 987 4298 Desine
1008 4234 1074 4297 iam
1095 4240 1194 4299 meter
1216 4235 1306 4301 nen-

157 4343 222 4407 mis
244 4360 390 4407 renovare
406 4341 573 4422 querellas:
597 4340 740 4424 Namque
757 4342 843 4406 dolor
861 4341 934 4404 tele's
951 4359 1014 4404 nen
1033 4341 1088 4405 tibi
1100 4342 1225 4424 eentepit
1240 4343 1306 4406 neni.

157 4446 262 4513 Vides
285 4447 342 4512 ubi
364 4447 510 4513 desinere
534 4448 638 4513 luctus
662 4449 805 4533 iubetur,
833 4452 953 4514 certam
981 4469 1130 4513 caussam
1156 4449 1257 4513 inusit
1279 4450 1306 4514 ti
