2948 5048
475 340 729 391 svernanasra
754 340 802 391 111.
825 340 871 391 ιν.
1180 322 1242 391 541

100 488 207 555 facere
231 486 436 574 intellegitis,
459 489 515 573 qui
533 502 591 573 pro
611 489 741 572 dactylo
756 510 826 552 esse
840 484 1046 574 properique)
1065 489 1245 555 crediderit.

100 633 141 645 ·—
168 595 319 662 Ceterum
342 601 429 660 recto
453 601 485 660 et
509 595 627 660 usitate
642 597 821 677 propeaiem
836 597 931 678 penali
949 596 1018 660 sine
1037 597 1115 660 mila
1134 596 1243 662 dativo

100 705 164 770 dici
187 727 256 769 non
279 707 329 767 est
352 703 439 787 quod
463 704 597 786 probem
620 703 776 785 pluribus.

189 812 266 876 Alia
294 833 375 895 quae
403 810 435 873 in
464 813 618 893 promptu
647 813 724 872 sunt
751 809 815 873 huc
844 809 1042 892 pertinentia
1064 811 1245 893 praestabit

100 918 132 982 in
155 917 336 1002 proximam
360 917 582 999 prooemiandi
606 916 882 999 opportunitatem
906 917 1040 981 differre.

590 1187 607 1192 -
612 1185 736 1193 ——-—·-..
764 1185 775 1191 -

455 1436 764 1529 Supplementum
792 1431 890 1534 ΙΨ)

437 1590 516 1657 (Cum
535 1590 633 1645 tabula
651 1589 904 1660 lithographa**)).

186 1752 215 1817 E
238 1752 373 1817 basilica
396 1774 477 1836 quae
500 1753 622 1818 Romae
650 1757 701 1816 est
729 1750 759 1816 S.
778 1752 873 1816 Pauli
895 1753 1069 1835 iunctoque
1096 1752 1143 1815 illi
1172 1774 1242 1817 coe·
1255 1770 1294 1810 111

99 1859 197 1926 nobio
221 1880 294 1924 cum
319 1858 374 1922 alii
398 1859 487 1922 tituli
508 1860 698 1944 prodierunt
726 1860 766 1923 ad
790 1860 930 1943 priscam
950 1858 1147 1922 latinitatem
1171 1880 1242 1941 per-

98 1966 249 2048 tinentes,
272 1987 352 2050 quos
375 1966 475 2030 habes
504 1967 538 2030 in
562 1965 596 2030 C.
614 1967 639 2030 l.
659 1966 693 2030 L.
717 1966 732 2028 I
755 1989 785 2030 n.
808 1965 902 2029 1019.
929 1965 1022 2028 1022.
1049 1964 1143 2047 1056,
1173 1968 1241 2028 tum

98 2070 240 2135 eiusdem
264 2072 389 2155 generis
414 2094 496 2136 unus
520 2078 577 2137 aut
599 2073 697 2136 latuit
720 2072 824 2136 adhuc
846 2076 902 2134 aut
921 2072 1036 2135 saltem
1060 2072 1093 2134 in
1117 2071 1241 2154 sylloge

97 2174 357 2242 Mommseniana
379 2200 445 2243 uon
469 2179 575 2247 minus
600 2178 801 2242 desideratur
823 2198 920 2261 quam
942 2176 976 2239 in
994 2176 1033 2240 N.
1053 2176 1096 2240 M.
1114 2177 1241 2242 Nicolai

96 2283 182 2349 libro
207 2307 235 2347 a
257 2285 343 2350 1815
365 2284 489 2349 Romae
513 2285 600 2349 edito
624 2308 718 2369 quem
743 2284 849 2348 ‘Della
872 2284 1006 2347 basilica
1029 2285 1061 2347 di
1081 2282 1241 2348 S.Pa010’

95 2390 271 2475 inscripsit.
303 2391 388 2456 Eum
411 2393 513 2477 igitur
536 2393 666 2457 titulum
691 2416 763 2456 cum
787 2392 908 2456 chartis
932 2413 1118 2474 expressum
1141 2390 1241 2455 Hen-

93 2497 201 2561 ricus
229 2497 423 2563 Brunnius
455 2504 566 2564 noster
596 2500 745 2564 Bonnam
776 2499 931 2581 misisset,
963 2498 1049 2562 haud
1082 2497 1241 2561 inutiliter

92 2601 151 2666 illa
179 2602 391 2689 lithograpllo
419 2607 567 2690 exemplo
600 2605 836 2689 repraesentari
866 2605 955 2669 visus
986 2608 1036 2668 est
1062 2605 1096 2666 in
1124 2604 1240 2667 horum

92 2706 402 2792 Supplementorum
414 2713 526 2777 tabula
536 2711 582 2776 IV
592 2711 733 2793 [XVIII]
746 2713 853 2776 subA.
876 2711 963 2775 Nam
977 2712 1010 2774 in
1026 2711 1239 2774 vetustiorum

90 2815 188 2879 illum
207 2838 341 2882 numero
355 2819 468 2883 haberi
485 2841 555 2884 cum
575 2821 647 2903 ipsa
666 2821 788 2904 species
808 2820 993 2883 litterarum
1014 2820 1117 2903 iubet,
1140 2818 1239 2884 haud-

91 2943 257 3005 quaquam
276 2924 336 2988 illa
354 2925 495 2991 indolem
510 2927 625 2991 aetatis
640 2927 827 3010 Augusteae
846 2947 973 3010 praese
991 2926 1109 3009 ferens,
1128 2948 1238 3010 quam·

91 3050 192 3111 quam
215 3031 380 3115 ceteroqui
403 3032 535 3096 minime
559 3055 635 3097 sane
657 3033 837 3117 inelegans,
860 3037 929 3096 tum
953 3032 1086 3096 eandem
1111 3034 1145 3096 in
1168 3054 1240 3115 par-

91 3140 158 3199 tem
184 3137 282 3201 etiam
311 3138 430 3203 certius
459 3139 665 3222 antiquitatis
694 3139 845 3203 indicium
874 3139 961 3204 valet
989 3140 1074 3222 quod
1098 3138 1240 3203 cernitur

92 3241 127 3305 in
145 3241 285 3308 AMEIO
306 3295 339 3309 ..
363 3244 532 3326 scriptura.
563 3243 735 3327 Habetque
754 3266 792 3307 ea
811 3245 973 3328 scriptura
996 3245 1075 3308 adeo
1099 3245 1238 3308 alterurn

93 3349 277 3433 exemplum
299 3351 334 3413 in
358 3372 451 3413 versu
475 3351 591 3433 primo:
621 3352 750 3435 quando
778 3353 885 3435 ectypi
914 3350 1076 3416 chartacei
1099 3351 1237 3435 diligens

95 3454 279 3520 observatio
303 3457 447 3521 litteram
471 3457 693 3540 paenultinam
722 3462 810 3522 certo
834 3457 928 3522 docet
949 3455 977 3520 B
1000 3456 1113 3539 fuisse,
1141 3478 1237 3539 quam

96 3562 149 3624 aut
170 3560 200 3624 E
225 3567 283 3626 aut
305 3561 331 3626 L
356 3566 467 3627 secuta
490 3548 542 3626 sit
583 3561 652 3626 lam
676 3564 828 3646 quoniam
852 3563 983 3627 GABL
1006 3563 1237 3627 elementorum

98 3668 291 3733 consociatio
314 3668 451 3732 latinum
480 3691 598 3732 nomen
621 3670 706 3753 quod
730 3670 868 3733 sciamus
893 3669 1019 3732 nullum
1043 3669 1238 3752 suppeditat,

99 3772 253 3856 reliquum
277 3777 326 3836 est
349 3777 385 3837 ut
408 3798 427 3838 a
450 3773 568 3838 GABE
597 3776 737 3859 incipere
761 3797 878 3839 nomen
902 3775 1046 3839 mulieris
1071 3775 1237 3860 intellega-

99 3878 150 3944 tur.
191 3878 283 3943 Vnde
306 3902 371 3944 non
395 3881 460 3944 aliu
483 3881 644 3963 prodeunt
667 3881 729 3944 nisi
749 3881 829 3947 haec
848 3881 1034 3945 mutilorum
1054 3881 1234 3944 litterarum

96 3986 330 4071 supplementa:

179 4181 207 4247 *)
228 4178 416 4248 [Prooemium
444 4178 546 4232 Indicis
574 4179 732 4233 scholarum
761 4182 929 4234 aestivarum
955 4179 1142 4237 Bonnensium
1170 4182 1236 4237 anni

76 4252 362 4337 Glolocccnxlv.]

159 4356 203 4421 **)
225 4355 347 4425 [Tabula
371 4356 438 4410 olim
461 4359 527 4411 huic
549 4359 778 4413 commentationi
802 4360 910 4416 adnexa
933 4379 1006 4416 nunc
1029 4362 1080 4415 sub
1104 4380 1129 4415 n.
1144 4362 1235 4415 XVIII

69 4428 263 4500 immanet.
301 4445 402 4515 ctu]
