3074 5138
362 390 647 440 onsunvnmonss
670 389 941 438 annonaeurcan.
1158 371 1222 436 441

85 535 204 620 naas,
230 538 251 600 6
281 536 481 601 ΣΕΡΟΥΙΟΣ
512 536 719 601 sonorior
749 535 924 601 ΚΟΙΝΤΟΥ
951 533 1046 598 ΥΙΟΣ
1075 531 1223 612 ΣΤρατη-

85 663 126 716 not
154 693 305 708 .......
336 663 398 721 προ
425 642 566 721 ημεΡΩΝ
595 642 735 708 ΠΕΝΤΕ
765 641 930 707 ΕΙΔΥΙΩΝ
960 640 1222 707 ΦΕΒΡΟΑΡΙΩΝ.

86 747 222 813 Eandem
245 749 404 814 rationem
427 751 590 812 testantur
613 746 699 831 apud
722 747 895 829 scriptores
919 753 1049 812 servata
1070 748 1224 831 exempla.

87 854 128 919 Bis
151 855 359 940 adscriptum
382 857 433 919 est
450 852 583 938 pridie)
605 852 665 918 lul.
691 851 838 939 Octob(r).
863 855 897 917 in
919 855 991 918 aeda
1009 854 1167 936 Apollinis
1190 853 1224 917 in

88 959 175 1027 Caelii
201 962 242 1027 ad
258 960 444 1028 Ciceronem
465 960 604 1045 epistula
622 961 642 1023 l.
654 959 736 1024 VIII
759 959 799 1024 ad
819 959 929 1025 fam.8
953 959 1013 1040 §5
1031 964 1065 1024 ct
1084 961 1117 1024 6:
1141 959 1223 1023 nihil

82 1069 158 1133 venim
183 1070 221 1135 in
239 1070 301 1134 hoc
320 1089 436 1154 genere
455 1066 651 1131 discriminis
670 1067 756 1130 inter
774 1065 879 1130 senati
898 1065 1047 1130 consulta
1066 1069 1099 1130 et
1117 1068 1225 1130 aucto-

89 1177 192 1242 ritates
229 1173 408 1240 intercedit
468 1173 631 1248 Quattuor
666 1173 718 1236 vel
755 1171 865 1256 potius
902 1173 1041 1256 quinque
1077 1173 1225 1256 exempla

91 1282 209 1368 Iosephi
242 1282 463 1366 Antiquibates
495 1279 645 1344 Iudaicae
675 1279 897 1364 suppeditant,
929 1301 1012 1363 quae
1041 1283 1223 1362 temporum

92 1391 190 1455 ordine
214 1411 252 1454 eo
275 1389 455 1473 perscripta
477 1386 600 1451 subieci
624 1408 719 1470 quem
743 1386 808 1451 alio
832 1386 902 1451 loco
926 1385 1036 1450 dedita
1054 1408 1153 1472 opera
1171 1387 1223 1450 fir-

92 1498 185 1562 mabo.
231 1495 325 1560 Anno
348 1494 450 1580 igitur
472 1492 537 1557 615
560 1515 589 1556 u.
609 1513 635 1558 ο.
659 1491 693 1558 L.
708 1491 860 1558 Valerius
883 1492 918 1558 L.
937 1492 958 1557 f.
981 1496 1114 1576 praetor
1135 1515 1223 1558 ςυνε-

94 1604 273 1683 βοιιλειίςατο
300 1607 338 1685 τῇ
360 1597 531 1682 ’ςυγκλήτῳ
560 1599 658 1664 εἰδοῖς
681 1600 890 1680 Δεκεμβρίαις
916 1600 954 1665 ἐν
982 1605 1029 1684 τῷ
1052 1605 1108 1679 τῆς
1130 1601 1249 1680 “ομο--
1277 1596 1280 1602 ’
1414 1593 1418 1616 ⁸

94 1710 170 1774 νοίας
193 1714 260 1794 ναῷ
355 1709 438 1772 teste
462 1706 602 1790 Iosepho
625 1705 714 1792 XIV,
733 1708 763 1790 8,
781 1707 816 1792 53
839 1745 881 1752 —-
913 1731 941 1772 a.
965 1708 1092 1773 circiter
1115 1709 1223 1773 621-

96 1817 147 1882 2323
169 1815 309 1881 Fannius
332 1815 375 1879 Μ.
398 1815 419 1881 f.
442 1818 575 1898 praetor
599 1815 718 1894 βουλὴν
748 1815 903 1894 ςυνήγαγε
933 1815 996 1893 πρὸ
1020 1813 1104 1879 ὀκτῶ
1128 1815 1224 1880 εἰδῶν

96 1923 305 2004 Φεβρουαρίων
328 1921 517 2004 ἐνκομιτίιρ
541 1973 547 1986 .
568 1971 574 1986 .
594 1972 601 1985 .
624 1919 718 2004 XIII,
736 1921 767 2004 9,
785 1921 819 2004 23
844 1958 885 1966 —
914 1943 998 1985 anno
1023 1921 1088 1986 705
1111 1943 1224 1986 consu·
1258 1943 1263 1952 ·

96 2031 169 2094 lente
196 2029 229 2094 L.
249 2027 385 2092 Lentulo
419 2049 483 2092 cos.
516 2028 579 2108 πρὸ
608 2028 733 2092 δώδεκα
764 2028 814 2091 vel
848 2032 1022 2108 δεκατριῶν
1054 2031 1224 2094 καλανδῶν

98 2135 292 2215 Ὀκτωβρίων,
315 2137 474 2200 incertum
498 2157 562 2220 quo
585 2135 671 2218 loco,
694 2135 774 2199 illud
799 2133 829 2199 S.
847 2131 882 2199 0.
905 2135 1028 2200 factum
1053 2135 1143 2200 cuius
1166 2157 1225 2218 per

98 2241 215 2326 losephi
235 2241 317 2324 XIV,
339 2243 380 2306 10
403 2247 423 2324 β
446 2242 573 2307 13-19
595 2241 740 2324 dispersa
759 2242 897 2326 vestigia
917 2247 1058 2325 exstant,
1081 2279 1117 2288 -
1140 2263 1224 2306 auno

101 2347 154 2410 alo
177 2348 300 2428 δόγματι
324 2351 507 2429 ςυγκλήτου,
536 2350 555 2412 ὃ
579 2347 709 2424 ἐγένετο
733 2349 797 2427 πρὸ
821 2351 916 2414 πέντε
941 2349 1036 2414 εἰδῶν
1060 2350 1223 2428 Φεβρουα-

101 2453 167 2531 ρίων
189 2455 221 2520 ἐν
241 2461 285 2540 τῷ
308 2461 377 2542 ναῷ
404 2461 460 2535 τῆς
482 2454 666 2533 Ὁμονοίας,
696 2454 785 2519 Γάιος
816 2458 931 2535 Καῑςαρ
959 2455 1040 2536 ὑπὲρ
1064 2455 1224 2521 Ἰουδαίων

102 2559 189 2638 ἔκρινε
210 2584 233 2627 e.
251 2585 278 2646 q.
298 2585 338 2627 s.:
363 2563 409 2626 sic
432 2549 525 2626 enim
542 2561 622 2624 haec
645 2561 885 2646 transponendo
909 2561 1125 2627 consocianda
1149 2566 1225 2626 sunt

103 2665 176 2750 XIV,
193 2669 305 2754 10,10;
331 2707 372 2716 -
396 2669 571 2752 eodemque
592 2689 677 2732 anno
696 2667 730 2731 P.
745 2666 919 2734 Dolabella
937 2668 981 2733 M.
996 2668 1140 2734 Antonio
1160 2691 1224 2737 cos.

104 2771 205 2838 lactum
226 2775 254 2840 S.
273 2775 307 2842 0.
330 2783 368 2860 τῇ
394 2776 457 2855 πρὸ
480 2778 578 2854 τριῶν
602 2774 697 2838 εἰδῶν
721 2773 911 2854 Ἀπριλλίων
939 2774 976 2840 ἐν
998 2780 1044 2858 τῷ
1072 2780 1142 2860 ναῷ
1168 2782 1224 2856 τῆς

104 2877 247 2955 Ὁμονοίας
269 2882 389 2947 ibidem
408 2885 549 2946 testante
568 2880 717 2964 Iosepho.
753 2879 839 2947 Nolo
857 2903 942 2946 nunc
961 2881 1137 2964 exspatiari
1157 2884 1224 2947 lon·

106 2985 171 3068 gn'us,
189 3010 242 3053 nec
259 2991 310 3054 nel
333 2989 562 3073 imperatoriae
587 2988 705 3052 aetatis
725 2989 926 3054 documentis
950 2989 998 3052 uti
1016 2989 1067 3054 rel
1088 2989 1224 3056 decretis

108 3094 339 3180 municipalibus,
367 3095 558 3180 praesertim
587 3115 659 3159 cum
688 3094 805 3160 horum
828 3093 1093 3180 conligendorum
1121 3098 1224 3163 otium

108 3195 196 3266 lacent
216 3203 343 3269 Aemilii
368 3201 534 3266 Huebneri
563 3201 731 3287 diligentia
759 3224 796 3266 ea
825 3203 1098 3268 commentatione
1127 3227 1224 3289 quam

110 3301 277 3375 ‘decanatus
297 3309 475 3394 populique
489 3309 526 3372 R.
542 3307 635 3374 actis'
660 3308 814 3392 scriptam
831 3307 1031 3375 Fleckeiseni
1042 3309 1224 3375 Annalibus

111 3407 200 3491 philol.
220 3413 326 3502 Suppl.
345 3414 395 3480 III
418 3415 495 3480 fasc.
515 3415 536 3480 5
559 3438 589 3499 p.
609 3415 673 3480 559
694 3437 763 3500 sqq.
787 3416 930 3480 inseruit.
962 3415 1036 3481 Nisi
1056 3416 1140 3500 quod
1159 3439 1224 3483 uno

109 3519 195 3584 tanen
220 3523 313 3589 verbo
337 3543 588 3588 commemorare
615 3522 697 3587 talia
724 3527 932 3587 monumenta
960 3522 1089 3607 expedit
1115 3524 1225 3605 qualia

111 3629 169 3687 aunt
187 3625 392 3696 Minuciorum
417 3630 578 3694 sententia
607 3629 645 3694 de
670 3630 916 3695 controversisis
941 3630 1025 3694 inter
1048 3628 1223 3694 Genuateis

112 3729 137 3788 ct
150 3727 294 3800 Veiturios
318 3735 550 3819 componendis
573 3735 670 3818 facta,
692 3736 725 3799 in
745 3757 809 3819 qua
830 3734 951 3818 legitur
969 3736 1035 3800 ν.4
1055 3758 1101 3821 sq.
1126 3735 1224 3801 SEN-

112 3829 277 3906 nnnmnn
296 3879 302 3892 .
322 3841 382 3907 nx
398 3877 405 3890 -
420 3839 580 3908 sunam
599 3877 605 3889 ·
626 3839 852 3907 consumo
868 3877 875 3888 ·
890 3838 1119 3906 onxnnvnn
1138 3876 1146 3891 ·
1164 3843 1223 3907 m-

114 3934 1223 4025 Dllnuncums·nonnemo-cno-nnvvcnoon.

114 4039 185 4114 008:
205 4056 247 4119 vel
268 4056 424 4140 temporis
446 4059 558 4120 notam
580 4054 658 4118 item
683 4053 838 4118 habentia
860 4055 937 4139 pagi
961 4054 1079 4119 scitum
1103 4053 1224 4120 Hercu·

114 4147 226 4243 laneum,
251 4163 365 4227 titulus
392 4161 560 4227 I'urfensis
586 4159 611 4224 I.
635 4160 672 4225 R.
695 4160 736 4224 N.
761 4161 846 4224 6011
877 4157 926 4242 [C.
949 4161 974 4225 I.
997 4158 1031 4225 L.
1055 4160 1071 4224 I
1094 4183 1125 4225 n.
1146 4163 1223 4246 6033

116 4251 142 4318 P·
158 4258 186 4326 L.
204 4263 241 4331 Μ.
261 4269 298 4334 Ε.
321 4269 387 4334 tab.
410 4267 587 4347 LXXXIH.
629 4263 715 4331 Satis
740 4267 826 4330 enim
851 4268 1068 4351 exemplorum
1089 4269 1223 4333 allatum

117 4367 154 4426 cst
174 4373 204 4433 nt
227 4379 278 4438 aut
304 4373 386 4438 nihil
412 4376 520 4440 valere
548 4377 703 4441 similium
732 4375 949 4440 conlationem
976 4375 1143 4439 fatendum
1171 4377 1224 4461 sit,

118 4471 159 4532 aut
175 4471 344 4546 habitorum
373 4483 578 4548 comitiorum
605 4483 688 4548 diem
717 4482 889 4568 locumque
917 4481 1022 4566 legem
1046 4481 1221 4549 Antoniam
1344 4492 1348 4504 '
