2948 5048
445 370 617 418 eonronn
639 369 783 418 nrssvrn
808 370 955 419 raanan.
1227 351 1270 415 33

122 512 367 596 disputatorum
389 535 453 578 uno
477 513 512 578 in
531 517 704 598 conspeetu
723 513 931 597 collocemus,
955 511 1099 595 proxime
1119 534 1138 576 a
1156 514 1271 596 poetae

116 640 218 683 manu
254 617 340 684 hane
377 620 491 685 abesae
528 620 747 687 reconcinnati
783 619 949 701 carminis,-
989 617 1073 702 quod
1106 639 1178 683 eum
1213 617 1270 682 ali·

117 749 185 812 qua
219 726 391 812 voluptate
427 728 568 813 legatur,
609 726 749 810 speeiem
790 725 1012 791 existimamus
1050 746 1146 809 quarn
1186 722 1272 789 infra

114 854 299 916 posumus.

231 974 287 1041 Ne
311 997 414 1041 more
437 974 590 1061 peeoris
614 974 698 1040 otio
721 974 1033 1060 transfungarer,
1284 987 1342 1029 XVI

232 1077 431 1145 Menandri
454 1101 596 1164 paucas
619 1080 724 1145 vorti
748 1080 870 1145 scitae
894 1079 1065 1161 fabulae,

233 1185 282 1252 Et
304 1186 414 1270 ipsus
437 1187 554 1252 etiam
578 1185 715 1252 sedulo
737 1185 840 1251 finxi
863 1208 992 1251 novas.

233 1292 289 1374 Id,
311 1292 544 1379 qualequale
568 1297 639 1377 eat,
664 1293 813 1359 chartis
836 1292 1058 1358 mandatum
1082 1292 1145 1356 diu

189 1400 211 1463 5
235 1398 364 1479 [Vitae
386 1400 436 1464 mi
459 1399 635 1486 agundae
659 1399 942 1465 delectamento
964 1399 1065 1480 fuit]

235 1504 375 1571 Verum
398 1510 561 1573 vexatus
586 1507 706 1572 animi
730 1508 831 1573 auria
855 1507 998 1593 annila,

234 1611 446 1679 Nonnullis
469 1615 587 1680 etiam
610 1616 784 1699 corporis
808 1614 1025 1700 doloribus,

235 1719 451 1806 Vtrumque
474 1726 515 1786 ut
538 1727 641 1788 esset
663 1722 798 1787 taedio
821 1721 874 1787 mi
897 1721 1184 1804 ultramodum,

236 1826 418 1911 Optatam
441 1832 604 1893 mortem
629 1850 708 1893 aum
733 1832 860 1913 aptus:
883 1850 977 1913 quae
1001 1827 1109 1892 dedit
1131 1825 1243 1889 mihi·

171 1935 213 1999 10
235 1930 310 1999 Suo
335 1934 379 1999 de
402 1957 506 2000 more
529 1939 668 2000 cunata
691 1936 964 2001 consolamina

235 2038 308 2104 Vos
331 2033 371 2104 in
394 2041 575 2125 sepulcro
598 2041 669 2107 hoa
691 2063 736 2106 ne
760 2042 849 2127 quid
873 2064 939 2108 oro
963 2041 1122 2107 laedite:

236 2144 340 2222 Quod
365 2147 417 2211 sit
438 2147 675 2231 decimenta,
697 2152 787 2232 post
810 2147 955 2214 fatales
979 2147 1105 2213 exitus

235 2251 445 2318 Immodiee
468 2276 513 2318 ne
538 2254 623 2338 quis
647 2254 753 2320 vitae
777 2251 957 2338 scapulos
981 2253 1154 2335 horreat,

236 2356 326 2453 Cum
351 2359 404 2423 sit
427 2363 588 2444 paratus
611 2363 747 2443 portua
770 2358 1066 2446 flagitantibus,

171 2465 214 2541 15
237 2464 307 2542 Qui
329 2486 398 2532 noa
421 2466 591 2550 excipiat
613 2467 658 2531 ad
681 2466 847 2551 quietem
869 2469 1075 2551 perpetem.

238 2569 401 2638 Setiam
424 2574 569 2652 valete,
592 2573 713 2639 donea
735 2573 866 2638 vivere
888 2571 1054 2656 expedit.

188 4583 231 4622 PR·
246 4579 396 4620 atrectatu
416 4583 550 4621 OPVSCVLA
568 4579 606 4622 IV·
