3074 5138
155 367 202 416 us
225 366 486 416 uncnrnsrmua
510 368 655 430 ovsosn
678 368 811 416 nsrms
833 367 1106 418 nacorcmmona.
1156 353 1221 420 453

87 515 129 574 cst
158 531 269 574 eornm
301 531 382 594 quae
415 510 526 594 paullo
555 513 630 576 ante
659 509 832 576 Sallustius
865 510 1041 594 scripserat
1072 533 1141 596 cap.
1165 513 1221 578 60:

86 618 224 682 adortae
239 619 431 700 praetoriam
453 619 488 682 in
511 619 624 684 sedas
646 617 741 684 tostis
762 619 881 683 iustruit
902 639 1007 700 cosque
1028 617 1221 702 perturbatos

86 730 165 805 atquc
184 725 282 789 otios
303 725 399 788 alibi
420 725 633 790 resistentis
657 726 808 808 interficit,
832 747 932 810 equo
950 723 1022 808 ipso
1043 725 1114 789 loco
1133 723 1220 789 haud

87 831 144 896 scio
167 855 208 897 an
231 831 441 915 interpolatio
465 831 523 895 illa
545 833 736 897 manaverit.
782 829 844 913 [cf.
868 831 954 896 infra
977 854 1007 915 p.
1026 831 1115 912 461]

162 937 230 1003 Nec
255 941 363 1002 tamen
386 937 592 1022 antiquitatis
616 937 723 1003 studio
747 937 947 1004 Sallustiano
970 937 1067 1002 huius
1096 959 1130 1002 se
1154 939 1223 1004 for:

86 1066 146 1108 mae
168 1066 244 1108 usus
268 1043 443 1127 continuit,
474 1044 531 1108 ssd
553 1065 612 1127 per
634 1045 799 1110 saeculum
824 1044 998 1128 septimum
1021 1047 1127 1110 totum
1150 1065 1219 1128 per-

86 1150 180 1214 tinuit
226 1149 325 1216 Ouius
353 1150 401 1214 rei
429 1150 569 1234 primunr
597 1151 769 1236 insigniori
797 1148 992 1215 documento
1020 1149 1134 1214 titulus
1163 1150 1218 1216 ille
1234 1179 1260 1218 ro

87 1256 240 1321 Furlcnsis
265 1261 315 1321 cst
337 1255 362 1322 I.
385 1255 423 1324 R.
447 1255 487 1322 N.
511 1257 596 1323 6011
617 1255 731 1342 (Orell.
746 1258 834 1323 2488
855 1255 903 1338 [Ο.
926 1256 951 1322 Ι.
974 1255 1010 1321 L.
1033 1256 1050 1321 Ι
1073 1278 1105 1322 n.
1124 1255 1218 1342 603])

86 1385 141 1426 uon
167 1365 272 1429 minus
300 1364 426 1430 celeber
454 1386 552 1450 quam
582 1364 731 1429 turbatus
765 1363 1037 1448 depravatusque,
1074 1361 1129 1448 qui
1156 1361 1218 1426 etsi

87 1493 192 1536 aunum
215 1496 245 1538 u.
263 1493 289 1536 c.
308 1471 374 1537 696
397 1493 475 1556 prae
499 1493 533 1535 se
556 1471 628 1555 fert,
651 1476 762 1535 tamen
786 1491 858 1536 meo
882 1491 978 1534 sensu
998 1467 1140 1534 dubitari
1162 1489 1217 1532 ne-

88 1577 148 1660 quit
172 1578 250 1662 quin
276 1579 376 1663 longe
404 1578 568 1662 antiquius
595 1577 778 1661 exemplum
802 1577 948 1662 aliquod,
980 1577 1102 1642 factum
1132 1577 1218 1641 circa

88 1682 213 1748 medium
240 1683 405 1750 sacculum
438 1683 532 1768 illud,
560 1683 719 1748 imitetur:
751 1682 809 1747 ubi
831 1681 922 1766 'quod
946 1705 974 1748 v.
996 1685 1037 1748 10
1061 1683 1216 1767 seriptum

88 1793 179 1855 exstat
199 1789 387 1858 suls-NE
399 1827 405 1840 ·
417 1789 619 1876 POTESTO,
642 1811 837 1874 quamquam
861 1788 1082 1854 Mommsenus
1106 1813 1136 1874 p.
1151 1790 1217 1854 320

88 1895 184 1960 ‘alite'
207 1897 441 1982 interpretatus
466 1901 524 1980 cst,
547 1901 656 1962 tamen
679 1895 711 1960 id
731 1918 794 1980 qus
813 1894 942 1960 defendi
960 1897 1089 1961 ratione
1112 1895 1217 1979 possit

89 2025 202 2085 prorsus
226 2026 278 2068 mc
300 2003 452 2090 ignorare
474 2001 589 2066 fateor.
625 1999 674 2066 De
698 2001 910 2086 scriptoribus
934 2005 1042 2066 autem
1067 2003 1095 2066 si
1119 2025 1215 2087 quae·

89 2110 234 2194 sierimus,
265 2109 385 2175 mirum
412 2113 464 2172 est
491 2109 616 2173 nullum
645 2108 714 2172 eius
744 2107 868 2172 formae
897 2109 931 2172 in
955 2107 1101 2174 scaenica
1123 2109 1215 2192 poesi

90 2219 146 2280 tota
166 2217 337 2303 vestigium
362 2237 445 2281 csse:
469 2237 546 2280 nam
569 2213 764 2300 quibusdam
778 2213 888 2280 Plauti
907 2215 1053 2279 versibus
1078 2215 1139 2279 etsi
1157 2215 1215 2280 illa

88 2342 140 2386 nou
168 2345 243 2388 sane
276 2325 452 2408 repugnat,
482 2326 593 2386 tamen
627 2342 686 2385 nec
717 2321 783 2386 ullo
816 2321 849 2385 in
881 2321 954 2386 loco
985 2320 1213 2386 necessitatem

89 2425 225 2494 habetet
247 2429 344 2514 longe
366 2427 516 2513 plurimis
539 2427 717 2493 certissime
740 2427 937 2493 adversatur.
973 2426 1066 2493 Vnde
1084 2433 1214 2511 praeter

88 2535 230 2601 rationem
257 2534 441 2601 Bentleium
469 2534 669 2619 intellegitur
696 2535 764 2599 olid
789 2534 963 2600 immisisse
992 2534 1028 2598 in
1051 2533 1214 2598 Terentia-

90 2663 150 2706 num
171 2665 297 2708 rersum
320 2641 473 2707 Heauton
502 2641 719 2706 timorumenn
742 2641 789 2726 ll,
811 2641 841 2724 3,
864 2641 918 2724 90,
946 2642 1005 2706 sic:
1040 2639 1123 2720 Quid
1147 2641 1216 2706 olid

90 2748 132 2812 tui
146 2751 216 2815 uis?
242 2750 402 2832 Siquidem
420 2747 475 2814 too
491 2749 557 2833 fiet:
579 2747 636 2812 ubi
654 2747 836 2814 rectissimo
853 2747 970 2812 iudicio
984 2746 1212 2813 Fleckeisenus

90 2853 227 2922 librorum
254 2856 443 2921 memoriam
470 2855 597 2920 tutatus
625 2857 676 2918 est
704 2853 787 2934 Quid
813 2854 903 2920 atiud
924 2854 979 2918 tui
1000 2853 1073 2919 uis?
1110 2853 1213 2937 Siqui-

90 2961 143 3024 dem
164 2962 217 3028 too
241 2965 285 3046 fit.
327 2961 450 3030 Verum
479 2961 561 3027 eitra
588 2959 844 3026 controversiam
870 2957 1032 3047 primus*)
1061 2961 1213 3044 Lucilius,

91 3073 232 3134 correctus
256 3069 385 3154 quidem
409 3092 429 3133 a
453 3067 577 3150 Dousa,
608 3067 655 3132 sic
684 3072 734 3132 est
760 3067 888 3143 loeutus
916 3071 999 3132 teste
1023 3065 1212 3134 Charisiol

91 3175 165 3254 pse
186 3174 219 3241 Ρ.
244 3176 377 3261 111,18
401 3175 455 3240 u:

91 3323 279 3340 ““-ι----

162 3403 185 3472 ⁸)
203 3405 230 3460 ln
249 3421 271 3459 c.
290 3404 367 3474 quod
385 3401 506 3460 sciamus
524 3403 638 3474 primus.
675 3403 749 3458 Nam
767 3402 843 3472 quod
864 3403 1079 3458 neNaevianae
1097 3403 1211 3472 quidem

91 3487 264 3562 Euuianaeque
287 3492 380 3564 poesis
402 3491 539 3561 reliquiae
563 3492 652 3546 ullum
676 3491 813 3548 eiusmodi
839 3490 989 3562 vestigium
1012 3495 1136 3560 servant,
1164 3491 1211 3546 vix

92 3578 163 3633 ausim
179 3599 232 3636 non
250 3581 325 3637 casui
343 3581 474 3638 tribuere.
512 3581 619 3637 Naevio
638 3580 795 3637 enimcum
813 3580 900 3635 talem
919 3596 1028 3634 versum
1049 3581 1211 3635 Simulatis

92 3667 138 3721 olid
152 3669 257 3725 alterode
275 3671 410 3725 rumitant
428 3671 501 3726 inter
517 3687 545 3725 cc
563 3669 680 3724 Bothius
700 3669 798 3724 tribuit
811 3667 1026 3724 inComicormn
1044 3667 1210 3738 fragmentis

93 3761 159 3823 pue,
176 3775 223 3814 sno
239 3759 268 3814 id
281 3757 410 3830 'periculo
433 3757 503 3814 fecit
525 3759 682 3827 damnoque
705 3773 895 3826 numerorum,
923 3773 992 3826 quos
1017 3756 1124 3826 pridem
1148 3773 1210 3824 pcr-

93 3847 198 3910 epectum
211 3849 252 3903 est
265 3848 316 3903 hos
331 3865 392 3904 esse
411 3847 501 3902 Simul
519 3847 592 3902 alitis
611 3847 724 3902 altitude
742 3879 753 3889 -
771 3848 906 3900 remittet
923 3847 996 3900 ἐπιόν
1013 3861 1040 3900 ee
1059 3843 1209 3899 secundum

92 3930 152 3988 Festi
172 3935 317 4005 epitomem
340 3955 368 4007 p.
387 3942 448 4004 2'10,
463 3943 488 3991 3.
517 3965 550 3976 -
579 3936 730 3990 Alteraex
754 3936 835 4006 purte
858 3933 1021 3988 demiranda
1039 3933 1209 3990 Alschefskii

94 4017 231 4095 liberalitas,
249 4025 298 4096 qui
312 4042 368 4080 uno
383 4027 502 4080 confisus
520 4023 601 4079 unius
615 4023 734 4080 Medicei
752 4021 913 4078 testimonio
931 4022 991 4076 olid
1008 4021 1114 4076 formae
1128 4041 1208 4078 usum

94 4110 121 4162 ad
132 4110 159 4166 Τ.
171 4111 238 4168 Livii
256 4119 284 4170 et
302 4115 424 4169 aetatem
443 4115 473 4170 ct
486 4114 714 4170 cousuetudinem
733 4111 898 4182 pertinuisse
918 4129 981 4167 cum
999 4110 1052 4166 sibi
1070 4109 1210 4182 persuasit

95 4197 142 4251 adu.
159 4201 190 4254 ad
208 4203 239 4268 ll,
258 4209 301 4272 4³,
323 4211 356 4257 10
379 4205 438 4258 tum
458 4201 520 4257 aliis
539 4202 705 4271 persuadere
717 4201 781 4256 -tcli
804 4200 1046 4272 argumentatione
1071 4199 1207 4254 instituit:

96 4284 123 4338 ‘ri
140 4289 191 4344 olid
211 4291 290 4360 ndat]
316 4308 378 4345 cum
402 4291 455 4346 hoc
478 4291 541 4346 loco
564 4291 643 4345 olised
665 4289 884 4360 corripiendum,
906 4289 977 4343 nibil
999 4287 1207 4358 producendum

96 4372 132 4440 sit,
148 4379 289 4434 rectissime
308 4395 337 4432 sc
355 4378 442 4434 habet
459 4379 548 4434 olid’:
577 4379 720 4434 doctrinae
743 4395 844 4448 genere
867 4381 926 4434 tam
949 4376 1107 4431 mehercule
1134 4393 1207 4432 novo

95 4477 161 4528 quum
176 4466 314 4538 singulari.
352 4467 404 4538 [ef.
423 4467 497 4524 intra
514 4486 541 4539 p.
557 4467 630 4538 476]
1303 4457 1306 4466 ¹
