3048 5140
309 393 375 458 306
582 408 702 459 Possm
726 408 924 456 servatura
948 407 1180 456 amomacum

855 552 905 617 10.

397 657 514 723 Paullo
538 658 739 725 difficiliores
762 662 903 724 bacatu
927 658 978 724 illi
996 679 1108 722 versus
1129 659 1213 738 sunt,
1231 677 1377 740 quorum
1397 675 1461 719 me·

307 764 444 830 moriam
468 764 592 830 Gellius
620 765 673 832 his
702 767 807 831 verbis
835 765 1008 831 conclusit:
1037 763 1209 828 armotiam
1239 763 1353 827 omrem
1381 763 1461 825 uitia

306 871 415 936 lubere
426 872 590 954 palatum.
621 877 817 956 mnmtsosas
834 873 964 955 aspidas
981 872 1101 954 clepens
1118 869 1250 934 suasa
1267 869 1392 934 inritus
1409 869 1463 948 qui

306 977 480 1062 habebatur,
507 979 536 1043 is
559 979 754 1044 humabatur.
800 977 980 1064 Tamquam
1011 978 1045 1041 in
1076 977 1185 1042 oculos
1212 976 1385 1040 incurrere
1410 971 1463 1038 Sa-

306 1085 433 1150 turnios
457 1106 529 1150 oum
553 1086 593 1149 ab
617 1085 711 1150 initio
739 1090 809 1149 tum
833 1085 866 1150 in
890 1085 953 1150 fine
976 1084 1078 1149 dicas:
1107 1081 1315 1168 refragantur
1343 1081 1463 1158 media,

308 1190 364 1254 sed
381 1212 448 1256 non
470 1191 575 1256 minus
600 1191 779 1256 sententiaa
802 1214 900 1276 quam
923 1194 1027 1256 metro
1046 1189 1261 1274 refragantur.
1289 1187 1462 1253 Vitiosum

308 1318 377 1362 esse
407 1298 539 1364 uitiosus
569 1298 764 1364 vocabulum
796 1320 855 1363 nec
887 1296 1088 1364 Boeckbium
1119 1316 1179 1360 neo
1209 1293 1461 1361 Fleckeisenum

306 1403 405 1490 fugit:
427 1423 563 1488 'quorum
588 1403 641 1470 bic
664 1406 842 1471 luctuosus
865 1404 1043 1488 substituit,
1065 1403 1121 1467 ille
1144 1424 1211 1466 non
1233 1400 1297 1468 hoc
1318 1404 1461 1484 tantum,

307 1509 363 1575 sed
387 1511 486 1576 etiam
504 1512 633 1594 umidus
651 1511 845 1610 adiectivum
863 1533 995 1596 prorsus
1015 1509 1136 1575 delevit
1153 1513 1190 1572 ut
1208 1530 1226 1572 c
1244 1508 1462 1592 glossematis

307 1620 393 1682 natu.
426 1615 485 1682 Oui
508 1637 569 1702 ego
593 1621 727 1683 eatenus
751 1619 913 1684 assentior
935 1622 972 1683 ut
993 1618 1124 1682 uitiosa
1147 1614 1188 1681 ad
1201 1616 1324 1699 eleyous
1348 1637 1461 1680 vocem

308 1723 506 1810 adscriptum
535 1725 576 1790 ab
606 1746 643 1789 eo
666 1729 778 1810 putem
806 1725 862 1810 qui
889 1725 1109 1818 hanonocem
1137 1721 1222 1808 apud
1250 1722 1362 1806 ipsum
1388 1720 1461 1786 Gel-

307 1831 387 1895 lium
410 1832 544 1916 legisset
568 1830 621 1896 ‘ad
641 1835 781 1898 aetatem
800 1832 844 1898 M.
859 1829 996 1897 Catonis
1014 1830 1100 1914 cisi,
1122 1851 1189 1894 non
1209 1826 1329 1893 laudis’
1349 1827 1462 1893 fuisse

308 1935 370 2002 Sed
399 1938 437 2004 de
465 1940 594 2022 cupidus
621 1962 732 2005 verum
764 1939 885 2006 vidisse
916 1938 1116 2006 Gronovium
1145 1940 1273 2022 patrem
1306 1937 1462 2016 arbitror,

307 2048 413 2110 ortum
429 2044 510 2110 illud
531 2068 547 2110 e
566 2067 675 2130 cuppas
694 2069 764 2112 esse
783 2047 834 2118 rel
853 2068 912 2132 pro
932 2045 995 2111 hoc
1014 2043 1235 2110 substitutum.
1267 2041 1458 2108 Tenendum

307 2155 357 2216 est
380 2152 466 2216 enim
489 2156 617 2236 praeter
640 2157 756 2233 cetera,
779 2174 845 2218 uon
863 2153 898 2217 in
916 2174 954 2217 eo
974 2173 1044 2217 esse
1059 2150 1217 2216 Catonern
1236 2153 1272 2215 ut
1290 2149 1461 2235 quaelibet

307 2257 387 2322 vitia
409 2263 606 2344 percenseat,
636 2260 692 2324 sed
715 2266 751 2325 ut
774 2261 928 2346 opposita
950 2259 1115 2324 avaritiae.
1155 2257 1194 2322 Id
1217 2261 1327 2322 autem
1350 2258 1458 2341 ipsum

268 2381 293 2419 1³
308 2366 420 2430 conus
447 2366 563 2431 illutus
589 2367 797 2451 potissimum
826 2367 974 2433 vocabuli
1001 2366 1098 2431 fidem
1127 2365 1176 2429 ita
1206 2362 1308 2442 valet,
1341 2365 1381 2428 ut
1408 2363 1457 2426 vel

306 2473 479 2553 propterea
497 2472 596 2537 mirer
613 2473 735 2538 nemini
755 2477 940 2558 suspectum
958 2472 1069 2538 fuisse.
1093 2469 1227 2536 Accedit
1245 2474 1357 2534 autem
1372 2467 1457 2554 quod

287 2575 450 2662 omnino,
472 2578 528 2661 qui
550 2577 682 2644 tandem
706 2581 749 2644 sit
768 2579 823 2666 qui
841 2581 957 2646 inritus
976 2578 1102 2645 dicatur
1121 2575 1324 2661 simpliciter,
1347 2576 1405 2642 vix
1422 2597 1456 2640 ac

307 2703 347 2745 ne
370 2681 425 2747 vix
448 2683 577 2766 quidem
596 2685 809 2772 intellegitur:
833 2707 892 2751 nec
910 2687 997 2751 enim
1015 2707 1179 2770 umquam,
1202 2681 1288 2767 quod
1307 2684 1456 2766 sciamus,

308 2809 501 2872 quemquam
529 2791 658 2856 inulam
687 2795 812 2858 veteres
841 2791 992 2858 dixermrt
1021 2793 1086 2858 nisi
1115 2795 1171 2857 aut
1197 2790 1350 2875 genetivo
1380 2811 1455 2854 casu

308 2893 436 2959 adiecta
462 2899 519 2960 aut
550 2897 622 2981 ipso
654 2899 852 2964 narrationis
880 2903 993 2965 tenore
1021 2899 1101 2965 satis
1130 2896 1316 2982 significata
1345 2917 1387 2961 ea
1413 2914 1455 2976 re,

308 3001 349 3064 ad
372 2999 463 3065 cuius
485 3001 653 3068 notionem
682 3003 767 3068 irriti
795 3005 952 3088 cogitatio
976 3005 1163 3070 referretur:
1193 3003 1285 3068 velut
1310 3024 1386 3068 cum
1408 3002 1454 3064 ia·

306 3107 404 3171 ritum
425 3107 502 3189 spei,
525 3108 660 3192 mositii,
684 3109 845 3191 masma
867 3109 1024 3194 dixerunt,
1047 3110 1097 3176 vel
1117 3132 1189 3175 cum
1207 3111 1309 3176 uaria
1327 3107 1455 3174 adsalli-

307 3213 363 3278 aa
385 3213 499 3278 aeas
525 3219 612 3297 supet
633 3213 814 3300 Vergilius,
843 3217 935 3282 inriti
962 3217 1054 3300 lopati
1079 3217 1279 3282 remittentur
1306 3213 1452 3280 Tacitis:

308 3324 341 3385 et
368 3321 416 3386 sic
442 3320 477 3384 in
504 3320 666 3387 similibus
696 3323 855 3388 omnibus.
906 3321 950 3387 Et
976 3322 1116 3388 fortasse
1143 3344 1183 3387 ne
1213 3323 1294 3387 baec
1325 3321 1452 3406 quidem

308 3427 503 3511 antiquioris
526 3426 701 3493 latinitatis
724 3427 860 3494 fuerunt.
905 3428 995 3514 Ergo
1018 3429 1114 3494 nobis
1136 3430 1252 3495 inritus
1274 3428 1382 3494 visum
1405 3429 1452 3490 est

308 3556 346 3600 ex
362 3535 494 3598 'intritus‘
512 3538 699 3618 corruptum
726 3557 811 3616 esse,
842 3535 905 3600 hoc
933 3540 1042 3600 autem
1071 3535 1110 3600 ad
1137 3534 1280 3620 aliquem
1308 3535 1452 3600 dativum

308 3640 500 3724 pertinuisse
524 3641 580 3723 qui
602 3640 674 3724 ipso
698 3640 756 3705 illo
779 3642 910 3707 cauas
937 3641 1136 3726 glossemate
1162 3641 1237 3707 sede
1265 3663 1324 3706 sua
1354 3641 1451 3725 pelle

308 3750 406 3812 retur.
450 3745 581 3811 Norunt
604 3747 660 3831 qui
683 3747 821 3830 scriptos
845 3747 949 3812 libros
971 3750 1155 3830 versarunt,
1178 3745 1260 3812 nihil
1283 3769 1343 3813 nos
1367 3748 1451 3812 inso-

308 3852 360 3917 liti
384 3873 526 3935 narrare,
556 3851 583 3915 si
608 3847 783 3916 Catoniani
807 3853 962 3917 carminis
984 3851 1135 3918 librarios
1164 3851 1356 3938 (equorum
1385 3873 1451 3938 peo-

309 3960 390 4025 catis
413 3957 575 4043 pendebat
598 3955 737 4044 Gellius)
766 3958 807 4024 ad
834 3959 1001 4044 vulgatam
1028 3981 1113 4024 nunc
1141 3959 1335 4043 scripturam
1366 3959 1450 4024 velut

307 4065 370 4131 hoc
386 4065 540 4149 exemplo
563 4065 748 4149 pervenisse
772 4065 1017 4148 coniecerimus,
1040 4067 1089 4148 ut,
1113 4086 1185 4130 cum
1208 4063 1290 4128 tales
1314 4065 1449 4130 versicu-

308 4174 358 4241 los
382 4177 457 4238 ante
481 4172 592 4238 oculos
615 4172 787 4239 haberent:

575 4310 717 4381 cupidus
1010 4309 1160 4366 uitiosus

481 4382 632 4468 Cuppae
657 4388 906 4468 sumptuosus
931 4385 1089 4469 elegans
1113 4383 1269 4454 deliciis

482 4490 677 4574 Intentus,
