3080 5142
298 311 363 375 536
538 324 683 373 nmscas
707 323 930 371 nummisma
954 322 1214 370 EPIGRAPHIGAE

296 467 477 534 testimonii
505 469 640 532 constet.
685 465 713 530 E
739 464 914 531 Garruocio
942 466 1057 550 igitur,
1085 466 1163 550 quid
1191 467 1321 531 tandem
1348 465 1446 529 buius

297 575 344 640 rei
367 577 464 652 esset,
487 572 664 638 identidem
688 571 871 636 sciscitatus
896 571 1023 636 litteras
1043 572 1154 655 accepi
1173 571 1320 637 conditas
1340 571 1447 636 suari·

298 685 380 764 tete,
404 681 521 765 quibu's
544 703 596 744 me
619 679 788 744 certiorem
810 678 890 742 fecit
915 671 980 742 non
1005 678 1084 742 alibi
1106 678 1240 762 plenum
1264 677 1448 762 exemplum

298 787 379 853 illud
404 787 536 851 mutilae
558 808 644 852 nunc
666 786 816 851 lamellae
839 781 940 870 (quod
964 805 1024 870 ego
1047 785 1210 850 eschedis
1230 807 1290 850 ma.
1309 784 1448 850 alicuius

298 893 513 958 bibliothecae
545 892 684 976 petitum
716 889 929 978 conieceram)
959 891 1025 955 nisi
1052 891 1087 955 in
1115 891 1182 955 suis
1210 890 1313 972 ipsius
1343 892 1449 975 copiis

299 999 515 1086 epigrapbicis
544 998 679 1064 servari:
712 997 797 1082 qnod
820 997 905 1062 unde
933 997 1091 1082 prodierit
1119 1000 1152 1060 et
1179 997 1220 1061 ad
1248 1019 1282 1062 se
1306 1019 1374 1082 qna
1396 998 1450 1061 via

298 1106 467 1192 perveneri
511 1127 577 1172 non
601 1105 680 1169 satis
705 1107 853 1168 accurate
877 1125 1031 1188 senune,
1053 1103 1269 1188 plurimorum
1288 1126 1449 1168 annorum

298 1214 471 1279 intervallo
499 1211 683 1296 interiecto,
711 1210 886 1294 recordari,
918 1210 973 1275 sed
1003 1211 1177 1295 diligenter
1199 1213 1390 1276 curaturum
1414 1215 1450 1274 ut

299 1319 466 1406 resciscat3
496 1318 621 1382 deiide
649 1318 854 1401 velproptcr
885 1316 1006 1401 figuras
1035 1317 1219 1382 litterarum
1249 1339 1386 1402 prorsus
1410 1317 1449 1381 ad

299 1449 421 1493 morem
446 1425 653 1509 antiquitatis
681 1423 786 1489 iactas
814 1422 898 1487 nibil
928 1443 998 1487 esse
1020 1423 1234 1488 dubitationis
1257 1446 1369 1508 posse,
1392 1445 1449 1490 ne

299 1535 375 1599 dum
399 1530 495 1620 utjea
516 1532 594 1617 tingi
619 1554 639 1596 a
661 1552 822 1616 quoquam
844 1529 1011 1615 potuerint
1030 1530 1081 1595 vel
1099 1530 1203 1596 videri
1225 1532 1355 1615 possint
1373 1531 1449 1595 ficta

300 1661 381 1724 esse,
404 1659 486 1724 quae
505 1639 539 1703 in
557 1637 683 1721 postica
701 1641 794 1721 parte
812 1636 972 1721 deperditi
991 1658 1076 1702 nunc
1095 1637 1178 1702 acris
1196 1637 1356 1722 inscripta
1374 1638 1448 1702 sint.

299 1744 389 1810 Haec
412 1744 498 1808 enim
522 1765 592 1809 esre
615 1743 698 1809 talia
719 1747 845 1808 narrat:

302 2488 353 2554 Ex
376 2488 428 2555 his
451 2489 577 2554 miseris
602 2489 831 2554 vocabulorum
855 2489 1001 2573 reliqniis
1024 2509 1088 2552 non
1108 2488 1209 2554 fuerit
1226 2490 1357 2556 difficile
1381 2487 1445 2553 v.8

304 2618 414 2662 eruere
443 2593 588 2679 estoRO,
620 2597 688 2672 v‚9
718 2591 880 2662 ...1305
913 2595 1060 2666 dativum
1088 2595 1324 2681 ablativumve‚
1356 2619 1385 2661 v.
1405 2593 1444 2658 10

302 2699 410 2768 aIDIt
430 2753 437 2768 .
453 2751 483 2767 ..
513 2702 619 2767 Versu
634 2706 743 2766 antem
757 2703 777 2765 6
793 2701 934 2785 positam
952 2697 977 2777 Ῡ
994 2702 1131 2786 figuram
1147 2725 1281 2786 prorsus
1294 2701 1444 2768 Graecam

304 2811 366 2876 etsi
385 2810 495 2892 paullo
514 2808 609 2873 citius
624 2807 844 2873 Mommsenus
863 2807 947 2871 dixit
964 2808 1054 2873 nullo
1073 2809 1149 2872 dum
1169 2811 1319 2893 exemplo
1333 2807 1444 2872 Latino

304 2916 510 2980 observatam
529 2935 608 2992 esse,
626 2917 737 2978 tamen
755 2917 884 2997 praeter
902 2914 1067 2997 speculum
1081 2913 1293 2981 Berolinense
1310 2917 1375 2981 tab.
1388 2913 1403 2978 l
1416 2911 1449 2976 F

305 3019 354 3101 [Ο.
368 3019 393 3085 l.
407 3019 442 3084 L.
460 3019 477 3084 l
494 3043 525 3084 n,
540 3019 608 3101 59],
631 3019 665 3084 in
684 3042 747 3104 quo
767 3024 819 3085 est
835 3013 1102 3095 relatvm&
1127 3021 1294 3106 scriptum,
1316 3021 1443 3088 tertium

304 3127 487 3210 exemplum
505 3148 618 3192 revera
635 3126 778 3192 nondum
798 3126 947 3191 innotuit.
965 3163 1002 3172 -
1025 3123 1175 3191 Ceterum
1194 3127 1234 3190 de
1252 3126 1314 3192 hac
1328 3123 1444 3192 tabella

305 3233 527 3318 quaestionem
551 3254 678 3300 omnem
703 3237 839 3317 apparet
866 3232 1085 3317 ampliandam
1109 3255 1178 3298 esse
1209 3239 1244 3299 et
1266 3239 1444 3320 exspectan-

304 3340 380 3404 dum
408 3340 540 3425 siquid
569 3341 610 3405 ad
632 3339 848 3424 dispellendas
871 3340 1037 3424 tenebras,
1067 3340 1186 3424 quibus
1215 3343 1309 3426 origo
1337 3359 1442 3406 monu-

305 3447 407 3512 menti
430 3447 623 3531 obvolvitur,
647 3446 818 3511 scrutando
842 3446 1097 3531 inquirendoque
1120 3445 1291 3513 efficiatur.

394 3766 555 3843 Quoniam
586 3767 619 3831 in
648 3765 845 3851 corrigendis
870 3765 1121 3851 supplendisque
1145 3765 1192 3830 eis
1216 3787 1343 3852 versor,
1368 3781 1441 3850 qnae

305 3874 394 3958 prius
418 3873 588 3958 proposita
611 3875 699 3956 sunt,
728 3873 809 3937 libet
832 3872 893 3936 bac
917 3873 1159 3957 opportunitate
1186 3873 1237 3938 uti
1261 3873 1301 3937 ad
1326 3871 1441 3938 dubite-

305 3979 411 4044 tiones
434 3979 590 4064 quasdam
615 3981 702 4044 certo
726 3977 846 4044 iudicio
865 3979 1028 4044 tollendas
1050 4001 1130 4063 qnae
1154 3979 1194 4044 ad
1219 3979 1349 4064 elogia
1371 3973 1440 4042 Sci·

305 4087 459 4170 pionum
490 4089 651 4170 spectant
697 4084 786 4161 Quae
819 4107 891 4150 cum
924 4106 984 4170 cgo
1017 4085 1050 4150 in
1078 4085 1112 4148 P.
1134 4083 1170 4148 L.
1193 4083 1237 4150 M.
1260 4085 1299 4150 Ε.
1330 4079 1440 4150 tabulis

305 4190 600 4256 XXXVII-XLII
619 4194 740 4276 quanta
754 4213 885 4276 possem
905 4192 967 4256 fide
986 4191 1027 4256 ad
1046 4195 1164 4275 ectypa
1177 4191 1352 4256 chartacea
1369 4205 1441 4274 quae

235 4321 293 4361 xm
307 4302 377 4362 tum
400 4297 435 4362 in
457 4300 609 4382 promptu
637 4301 729 4362 erant
757 4296 1000 4380 expressissem,
1029 4319 1094 4362 non
1120 4297 1281 4382 neglectis
1309 4317 1386 4382 quae
1407 4291 1439 4354 de

307 4401 443 4488 singulis
471 4401 664 4486 quibusdam
696 4403 793 4468 rebus
821 4403 1001 4469 sciscitanti
1028 4403 1109 4468 mihi
1136 4401 1301 4469 Brunniua
1329 4403 1438 4469 Heme·
