3074 5138
150 405 192 452 oa
213 403 477 452 oacarrsrrorn
502 402 647 466 quunu
672 402 803 450 carrus
826 401 1097 452 ancouorrrona.
1142 385 1209 452 473

91 569 265 612 communem
293 546 396 612 fuisse
423 545 625 612 intellectum
653 550 712 612 est
757 545 867 630 Atque
891 549 947 611 aut
974 545 1079 630 ipsam
1101 545 1209 610 latini·

90 657 171 719 tatem
201 655 266 719 eius
296 653 523 718 declinationis
555 657 611 718 aut
639 653 755 717 miram
784 651 993 718 dialectorum
1021 651 1209 717 Italicarum

92 762 292 846 cognationem
320 782 544 845 summamque
572 760 606 826 in
633 760 695 825 hoo
722 759 794 843 ipso
824 780 940 845 genere
964 757 1210 824 similitudinem

91 868 151 932 loct
169 889 249 932 nnnc
271 890 357 933 novo
380 867 574 933 documento
598 867 823 951 comprobare,
846 867 933 951 quod
956 889 974 930 e
996 887 1210 950 permemora-

91 973 188 1038 bilibus
209 974 315 1038 titulis
338 973 475 1038 Faliscis
498 973 565 1038 illis
589 973 730 1057 petimus
754 971 911 1038 laudabili
934 971 1110 1056 Rephaelis
1133 969 1210 1037 Gar·

91 1080 169 1144 ruceii
194 1080 354 1146 industria
385 1102 487 1165 nuper
514 1081 549 1146 in
580 1080 684 1146 lucem
718 1079 870 1164 proditis:
903 1079 942 1144 de
974 1078 1091 1163 quibus
1118 1079 1210 1144 brevi

92 1185 260 1252 llonmseni
283 1189 317 1252 in
330 1186 424 1252 Actis
447 1186 620 1252 menstruis
644 1185 827 1252 academiae
841 1185 1060 1250 Berolinensis
1079 1208 1107 1250 a.
1125 1185 1209 1252 1860

93 1315 115 1376 p.
130 1293 181 1358 451
202 1315 268 1378 sqq.
290 1295 477 1360 narratione
500 1297 640 1378 constat,
663 1316 739 1360 mor
768 1293 913 1359 uberiore
936 1291 1102 1359 Garruccii
1125 1316 1210 1360 corn-

93 1401 226 1466 nentario
249 1402 415 1467 constabit
441 1402 475 1466 in
497 1401 680 1467 Annalibus
708 1401 858 1467 Instituti
886 1401 1124 1486 archaeologici
1146 1399 1209 1466 Ro·

94 1509 162 1572 nani
189 1509 363 1592 prodituro.
408 1508 448 1573 In
480 1509 596 1574 horum
626 1508 728 1594 igitur
759 1508 931 1574 titulorum
964 1507 1009 1571 eis
1038 1508 1108 1592 qui,
1140 1508 1210 1573 sia

94 1615 250 1680 litterarum
272 1615 388 1680 formis
412 1615 493 1682 satis
518 1615 738 1700 singularibus
761 1615 897 1700 ipsoque
916 1636 1011 1680 cursu
1031 1615 1209 1698 scripturae

94 1721 265 1807 discesseris,
294 1745 314 1787 a
341 1723 500 1806 pristinae
528 1721 702 1788 latinitatis
731 1722 837 1806 specie
866 1720 1013 1805 proximo
1037 1721 1209 1790 intervallo

94 1829 202 1904 distant.
228 1829 327 1894 etiam
354 1827 408 1892 hie
434 1831 485 1893 est
508 1850 604 1913 quem
633 1828 717 1894 infra
740 1828 834 1912 posui
857 1827 986 1913 qualem
1009 1827 1113 1893 denuo
1137 1853 1209 1894 oxa·

94 1937 193 2001 minato
214 1936 320 2020 lapide
344 1935 516 2022 legendum
539 1957 609 2005 csse
633 1934 803 2021 Adolphus
829 1935 1047 2024 Kiesslingius
1070 1958 1121 2001 me
1146 1959 1209 2004 cer-

96 2041 188 2110 tiorem
207 2044 298 2110 iecit:

301 2145 813 2235 mro-acanoncrnro

298 2271 989 2342 suva-saror-rirravunsonn

96 2395 147 2462 Vbi
165 2405 227 2465 tam
253 2423 323 2466 esse
351 2405 475 2466 certum
502 2400 689 2466 Petrunes
716 2422 836 2466 nomen
863 2404 1010 2485 apparet,
1038 2400 1262 2469 b.e.Pe-v11

96 2507 235 2592 ironica,
256 2513 293 2573 ut
315 2509 450 2574 verbum
473 2528 540 2572 non
563 2507 703 2591 amplius
727 2506 889 2592 addam.*)

166 2612 309 2698 Superest
326 2619 364 2680 ut
382 2615 538 2700 quaedam
558 2636 662 2698 nuper
681 2637 700 2680 a
719 2635 771 2678 me
789 2615 960 2697 proposita
978 2615 1029 2679 vel
1048 2613 1208 2699 corrigam

98 2717 135 2780 vel
154 2721 264 2786 firmem
292 2727 325 2787 et
352 2722 529 2786 defendam.
578 2721 624 2786 nt
649 2721 790 2806 primum
818 2720 947 2805 quidam
970 2719 1208 2786 BARNAEVS

99 2825 223 2910 nominis,
253 2829 384 2913 dequo
416 2828 482 2892 dixi
510 2849 540 2911 p.
564 2828 604 2893 21
640 2828 719 2909 [464
743 2829 804 2911 sq]
833 2827 918 2909 adu,
953 2849 1074 2892 novum
1105 2849 1210 2912 nuper

98 2933 249 3016 exemplum
271 2933 393 3019 prodiit
421 2956 459 2998 ex
487 2934 652 3018 epitaphio
676 2933 876 3019 Mogontiaci
898 2937 1039 3018 reperto,
1067 2934 1152 3019 quod
1174 2934 1209 3000 in

99 3033 330 3127 ‘liittheilungen
355 3041 410 3106 des
434 3039 672 3127 (Frankfurter)
693 3039 830 3106 Vereins
853 3040 907 3105 fur
927 3037 1119 3106 Gesohichta
1144 3041 1209 3106 und

99 3141 390 3214 Alterthumslrunde'
413 3151 436 3213 t.
454 3145 487 3212 Π
510 3171 541 3232 p.
563 3149 624 3213 118
645 3169 713 3232 sqq.
736 3147 761 3212 Ι.
780 3145 941 3213 Beckerus
964 3145 1209 3216 Francoiurten·

97 3249 204 3318 rutulo
225 3251 394 3341 edidit**):

97 3383 279 3399 Q...—

41 3511 43 3522 Ι
165 3445 281 3512 ‘l‘Sero
304 3448 334 3504 iu
357 3463 456 3502 manns
479 3449 589 3503 nostros
607 3448 759 3504 Annalium
782 3447 909 3504 Instituti
931 3447 1138 3520 archaeologici
1156 3449 1209 3504 Ro-

98 3532 155 3586 nani
169 3536 292 3592 volumen
309 3535 415 3591 XXXII
434 3538 469 3605 (a.
488 3540 565 3606 1850)
589 3537 729 3608 pervenit,
753 3537 783 3592 in
806 3555 862 3609 qno
885 3553 970 3607 supra
992 3553 1010 3590 a
1032 3536 1112 3592 nobis
1136 3554 1209 3592 com·

98 3626 251 3679 memoratum
274 3627 389 3681 titulum
410 3627 548 3682 Faliscum
572 3627 631 3696 ipsc
657 3626 822 3682 Garruccius
850 3626 976 3696 exemplo
1005 3625 1209 3696 chalcographo

99 3707 278 3776 exprimendum
297 3715 408 3770 curarit
425 3713 483 3770 tab.
498 3715 533 3769 H
547 3733 572 3770 n.
590 3721 631 3782 12,
650 3716 692 3770 ita
710 3719 805 3772 autem
823 3715 1023 3785 interpretatus
1044 3715 1209 3784 estpars,

99 3797 122 3847 ¹11
138 3804 233 3857 nauca
255 3803 384 3860 lectionis
412 3803 630 3874 haudquaquam
658 3821 709 3860 uos
736 3804 900 3874 paeniteat!
948 3803 1144 3858 Addendum
1172 3819 1209 3858 ex

98 3879 183 3950 ipsius
200 3891 361 3958 prooemii
384 3890 454 3947 fine
473 3911 500 3962 p.
519 3893 565 3947 IX.
586 3923 618 3934 -
640 3893 703 3948 ‘Die
722 3893 835 3962 Lesung
857 3893 906 3948 der
924 3893 986 3947 hier
1003 3893 1210 3962 besprocheuen

98 3969 244 4034 lalisciscben
262 3979 395 4036 Inaehrift
412 3981 465 4035 mit
483 3982 533 4036 der
550 3982 634 4037 Form
654 3983 788 4037 Pet-runca
806 4001 832 4036 u.
847 3999 868 4038 s.
883 3999 916 4036 w.
936 3980 1074 4051 bestatigt
1094 3996 1124 4035 so
1139 3981 1211 4036 eben

99 4061 153 4114 auct
172 4063 306 4123 Datlel'sen
328 4067 367 4123 im
391 4067 506 4124 Bullett.
530 4070 556 4125 d.
576 4071 643 4124 lust.
664 4075 732 4125 1861
751 4086 778 4138 p.
796 4075 855 4138 199,
879 4068 932 4124 mit
955 4070 1006 4123 der
1028 4069 1210 4140 anderweitig

99 4145 270 4212 interessentes
283 4157 487 4229 Berichtigung
505 4159 554 4213 des
566 4157 627 4228 Pop
645 4157 674 4213 in
689 4158 748 4213 Pob
766 4158 824 4212 und
843 4157 907 4213 dem
921 4157 1021 4212 Znsatz
1035 4174 1082 4211 am
1096 4157 1210 4214 Schluss

99 4233 151 4308 lule
165 4243 301 4318 marcq)
336 4246 534 4302 sacrarium
553 4246 742 4302 astracani
760 4245 870 4301 nasas
884 4246 984 4301 auen.
1003 4247 1024 4301 e.
1039 4243 1104 4301 xvr
1117 4247 1209 4317 (ran)

98 4333 175 4390 pcto
190 4331 248 4388 adn.

151 4416 187 4485 ”l
204 4420 264 4478 ‘Dia
281 4421 344 4478 hier
365 4424 547 4481 wiederholte
565 4425 696 4481 Insehrib
718 4424 766 4496 ist,
788 4425 843 4481 ¹wie
866 4423 912 4479 ich
936 4441 967 4480 so
986 4425 1057 4481 eben
1074 4443 1125 4481 aus
1143 4425 1210 4482 Ger·

99 4497 459 4584 inducantanimum
477 4519 544 4570 1861
563 4532 591 4584 p.
606 4519 675 4570 209*
694 4516 799 4585 ersehe,
817 4531 874 4571 ron
887 4513 1042 4573 Mommsen
1061 4520 1148 4575 etwas
1162 4534 1209 4576 au·
