3048 5144
23 4367 25 4452 p

23 4539 24 4618 l

23 4619 25 4686 i

23 4741 25 4826 l

153 393 300 440 VOCALES
324 393 528 440 uamluarsu
553 394 598 438 ET
623 393 653 441 11.
679 393 798 442 acclvs
823 389 1109 448 &semiramem-0
1140 379 1199 443 161

83 536 186 601 ratione
210 534 375 620 patefacta
398 536 487 600 vides
515 535 631 600 harum
656 535 865 601 difficultates
889 538 1066 603 formarum
1091 562 1201 604 omnes

82 643 262 726 complanari.
318 643 504 727 Eademque
536 644 588 706 via
624 642 711 707 haud
742 645 809 708 scio
841 666 883 708 an
914 645 983 710 iure
1015 651 1128 712 nostro
1161 645 1201 710 ad

82 749 285 831 expediendam
317 749 542 815 PLOIRVME
576 751 770 834 scripturam
804 755 935 816 utamur
972 775 1054 836 quae
1086 759 1137 818 est
1167 754 1200 817 in

82 853 215 939 Scipionis
238 855 375 923 Barbati
403 859 424 922 f.
449 859 611 943 sepulcro:
642 881 719 922 nam
747 881 819 924 cum
842 857 980 930 PLOVS
1008 860 1052 924 sit
1079 860 1113 924 in
1142 857 1201 922 Sc,

82 961 110 1022 de
127 961 205 1044 Bac,
232 961 475 1030 PLOVRVMA
498 965 533 1028 in
557 986 595 1028 eo
619 965 711 1028 cuius
734 964 845 1048 paullo
870 969 945 1030 ante
969 966 1090 1030 mentio
1113 964 1202 1028 facta

82 1069 296 1152 epigrammate,
325 1071 516 1135 ordiendum
539 1071 667 1135 videtur
696 1094 715 1135 a
738 1071 876 1155 pristina
905 1072 1044 1156 quadam
1061 1073 1199 1153 plocim-

81 1195 130 1237 ooos
147 1172 207 1260 (rel
231 1177 332 1241 etiam
356 1176 539 1260 antiquiore
562 1175 765 1260 plooisumos)
790 1177 903 1261 forma,
927 1177 1010 1242 unde
1033 1178 1084 1241 vel
1107 1201 1125 1242 o
1149 1178 1200 1242 vel

83 1281 212 1347 iextrita
240 1285 291 1348 vel
319 1285 493 1365 ploiromos
525 1283 618 1346 fieret
647 1283 697 1346 vel
723 1283 911 1364 plourecmos
957 1283 1048 1348 Neve
1081 1286 1198 1368 asperi·

81 1391 159 1450 tatem
179 1390 361 1454 iunctarum
384 1412 421 1454 or
439 1411 592 1455 sonorum
611 1388 811 1472 reformides,
830 1390 1046 1474 reputandum
1066 1396 1115 1456 est
1133 1413 1199 1456 non

81 1493 276 1561 reformidasse
300 1497 447 1581 linguam
470 1496 576 1579 ipsam
604 1495 759 1559 maiorem
783 1496 908 1560 Maeote
930 1495 1052 1560 formae
1080 1498 1200 1580 asperi·

80 1603 157 1664 taam
178 1605 306 1668 extrusa
326 1607 361 1666 ut
384 1604 546 1668 videturo
570 1603 672 1667 vocali
697 1605 804 1686 natae,
827 1625 909 1686 quae
933 1604 966 1666 in
988 1602 1078 1668 Furii
1102 1605 1198 1669 titulo

81 1705 122 1770 illo
141 1707 315 1774 Tusculano
341 1713 457 1774 exstat
502 1709 617 1794 Itaque
645 1732 704 1773 nec
726 1710 859 1774 Fcerios
886 1710 1044 1794 estquod
1068 1731 1198 1796 magno·

80 1831 135 1892 pere
162 1816 286 1895 mirere,
323 1839 382 1880 neo
413 1816 558 1880 Fcoloios
594 1816 715 1879 nimiae
753 1838 823 1880 esse
864 1816 1033 1881 offensioni
1065 1819 1198 1900 patiere.

81 1915 149 1990 Quod
181 1923 234 2004 qui
272 1922 403 1986 tandem
445 1921 551 2006 possis
585 1923 732 2005 omnin0,
769 1945 841 1986 cum
871 1923 906 1986 in
933 1921 1020 1987 haud
1053 1923 1198 1988 suaviore

80 2019 321 2092 NOVNDINVM
358 2027 465 2092 forma
501 2033 732 2093 consonantem
771 2051 841 2093 esse
875 2028 906 2092 V
945 2030 1090 2094 litteram
1126 2030 1199 2113 ipsa

81 2130 143 2193 ratio
164 2133 333 2216 compositi
357 2155 373 2196 e
396 2155 502 2198 soom
526 2139 558 2198 et
581 2137 646 2200 dics
663 2135 813 2200 vocabuli
838 2135 978 2220 arguat?
1002 2134 1094 2218 Item,
1113 2136 1198 2220 quio-

80 2256 188 2316 qoamne
223 2262 296 2304 esse
329 2240 535 2306 manifestius
572 2245 701 2324 potest,
734 2263 832 2326 quam
865 2263 904 2305 cx
933 2243 1079 2306 adioomc
1108 2244 1197 2308 verbi

80 2339 288 2424 frequentativo
310 2349 479 2412 adicoitarc
496 2345 655 2431 prodiisse
673 2347 852 2412 odiosiora?
875 2345 988 2410 Paullo
1009 2348 1074 2412 alio
1093 2350 1198 2430 mod0,

81 2444 219 2528 dupliciter
240 2453 369 2518 mollito
388 2455 635 2519 consonantium
654 2475 821 2537 concursu,
845 2475 883 2518 ex
902 2453 1010 2536 ioobeo,
1034 2454 1119 2538 quod
1138 2453 1197 2520 Sd.

81 2549 107 2613 de
124 2553 187 2623 Bac.
208 2563 359 2643 testatur,
383 2565 440 2624 aut
461 2560 524 2623 ooo
548 2559 697 2624 relictum
721 2563 772 2623 est
795 2559 881 2643 quod
901 2559 1022 2623 mansit
1044 2559 1079 2622 in
1102 2561 1197 2643 iubeo,

81 2663 121 2721 aut
138 2665 191 2726 ioc-
214 2665 396 2750 quodcum
419 2669 441 2746 d
462 2666 514 2730 v'el
536 2688 554 2728 r
577 2665 656 2730 coiit
675 2665 711 2728 in,
731 2665 846 2730 iovdc'co
870 2669 903 2728 et
925 2665 1023 2728 icero:
1057 2666 1111 2728 sed
1136 2666 1199 2731 hoc

81 2769 163 2830 tamen
184 2768 369 2835 discrimine
393 2776 437 2857 ut,
460 2794 533 2836 oum
556 2771 624 2836 illic
648 2793 780 2854 prorsus
804 2776 934 2836 extrusa
956 2793 975 2836 o
999 2772 1109 2837 littera
1129 2774 1196 2838 uul-

81 2869 128 2935 lum
151 2876 194 2940 sui
215 2878 390 2963 vestigium
414 2879 594 2962 reliquerit,
623 2877 766 2942 eiusdem
798 2876 851 2941 hic
874 2877 1013 2960 iactura,
1036 2882 1073 2942 ut
1100 2901 1195 2963 saepo

80 2975 181 3065 tactum,
201 2984 360 3066 producta
383 2985 488 3072 vocali
511 2985 559 3048 ita
582 2985 845 3068 compensaretur
870 2986 906 3045 ut
925 3004 981 3065 per
1004 2984 1100 3050 dodico
1122 2988 1196 3070 o'c'ro,

82 3104 141 3163 quae
159 3111 237 3156 nunc
255 3114 323 3155 non
343 3094 479 3172 exstant,
503 3089 696 3154 transiretur
714 3089 754 3154 ad
774 3090 875 3154 iudico
894 3089 977 3154 iuro:
1001 3111 1195 3176 quamquam

81 3187 138 3256 illud
157 3194 246 3262 facile
270 3197 403 3281 largiar,
427 3197 529 3260 multo
552 3196 643 3280 prius
667 3193 827 3279 hacc'pcr
849 3217 871 3258 cc
893 3198 1103 3279 pronuntiata
1126 3221 1195 3263 esse

82 3316 151 3376 quam
171 3304 265 3368 scribi
290 3301 348 3368 OV
374 3302 513 3366 desitum
538 3305 597 3366 est.
643 3299 725 3366 Cum
749 3304 857 3365 autem
880 3301 1042 3385 duplicem
1061 3304 1194 3369 omnino

82 3399 224 3473 utilibus
246 3412 336 3476 viam
359 3410 472 3494 lingua
495 3407 699 3493 probaverit:
732 3411 789 3471 aut
811 3413 847 3472 ut
870 3408 1015 3474 vocalem
1037 3409 1196 3492 producat

83 3507 139 3572 elisa
162 3515 369 3598 consonanti,
401 3520 459 3579 aut
491 3519 527 3578 ut
558 3515 642 3580 hanc
674 3513 840 3578 adsimilet
871 3514 1052 3598 insequenti
1086 3537 1194 3581 conso—

83 3618 159 3682 nanti:
183 3621 270 3686 velut
293 3643 310 3686 e
333 3623 499 3686 redictum
522 3625 579 3685 aut
602 3624 652 3685 est
669 3621 801 3684 relatum
824 3620 948 3684 factum
967 3625 1024 3685 aut
1041 3623 1194 3706 rellatum,

83 3719 125 3783 uisi
143 3726 272 3811 quidem,
296 3731 333 3792 ut
355 3728 389 3792 in
407 3727 503 3810 iubeo,
527 3748 659 3809 prorsus
680 3727 769 3809 prior
787 3747 969 3790 consonans
988 3725 1195 3790 intercideret

84 3824 104 3886 in
127 3831 257 3899 ritatem:
293 3833 431 3920 cogitari
463 3837 575 3916 potest
604 3833 705 3897 etiam
737 3831 799 3897 hoc
830 3833 900 3896 fieri
932 3831 1076 3915 potuisse
1108 3834 1144 3894 ut
1177 3853 1194 3894 e

81 3935 196 4007 medicos
222 3941 272 4004 vel
295 3941 451 4022 proplicos
478 3961 545 4003 non
567 3943 697 4003 tantum
723 3937 862 4019 poplicus
884 3937 1029 4018 poplicus
1051 3935 1195 4018 publicem

84 4051 255 4110 uererentur
288 4045 422 4129 expulsa
447 4067 466 4108 o
493 4049 531 4110 ut
557 4045 591 4108 in
624 4044 705 4108 iodeo
736 4043 837 4125 iudeo,
870 4043 1063 4126 sedetiam,
1093 4044 1130 4105 ut
1160 4041 1194 4105 in

23 4213 24 4218 ,
84 4143 168 4214 dodico
192 4154 288 4236 icaro,
320 4151 455 4235 expulsa
481 4151 594 4215 labiali
621 4150 733 4214 littera
750 4149 898 4232 porticos,
921 4147 983 4214 hoc
1007 4151 1115 4212 autem
1139 4147 1193 4210 ad·

85 4249 221 4324 similando
244 4260 398 4324 transiret
420 4259 455 4323 in
472 4259 607 4339 pellicos
619 4257 773 4341 palliciis:
800 4254 863 4319 nisi
886 4258 996 4319 tamen
1019 4253 1193 4318 verendum

86 4355 114 4418 sil
130 4381 163 4426 uc
182 4365 220 4429 ab
243 4367 336 4432 unius
360 4365 503 4431 Plautini
527 4364 647 4428 codicis
667 4362 812 4447 quamvis
831 4362 1027 4445 praestantis
1046 4360 1108 4424 fide
1127 4382 1193 4424 non

86 4465 142 4528 catis
156 4473 300 4552 praesidii
319 4477 390 4536 tam
409 4471 565 4556 singulari
583 4470 708 4534 formae
732 4472 881 4550 paratum
900 4469 952 4533 sit.
990 4467 1193 4550 Quamquam

123 4589 154 4622 YR.
170 4592 310 4632 RlTDOEELII
330 4591 465 4630 ΟΡῨΙΟῩΙΛ
483 4594 519 4630 W.
948 4577 977 4624 11
