3048 5144
320 370 382 435 138
592 385 813 432 nonvnnnrs
835 383 1068 432 errassemus
1092 383 1181 430 rura.

317 528 511 594 P·T·SEX
527 565 533 578 ·
549 526 822 594 HERENNIEIS
838 563 843 575 ·
860 525 944 592 SEX
954 561 961 575 ·
972 525 998 590 F
1007 561 1012 575 ·
1027 523 1271 591 SVPINATES
1295 531 1454 611 apparent,

317 637 369 702 vel
401 637 538 721 denique
567 634 740 701 Formiana
767 635 855 700 4102
887 655 997 698 rursus
1030 631 1271 708 cISDEMQVE
1304 632 1454 712 PROBA-
1507 630 1508 686 l

317 743 436 809 VERE
460 741 624 828 sistens.*)
652 739 804 830 ‘Certum
831 741 932 828 igitur
959 739 1203 805 fundamentum
1231 739 1345 824 habes,
1376 741 1454 805 unde

317 850 483 936 profectus
510 849 602 915 valde
630 847 903 914 inconsideratum
933 845 1086 917 Freundii
1113 846 1268 911 indicium
1297 847 1455 932 reprimas,

318 956 358 1022 ad
382 955 506 1022 Tiberii
533 957 615 1041 Imp.
639 976 753 1020 aevum
777 953 937 1020 Coronam
964 953 1056 1020 illam
1085 950 1181 1018 Orell.
1200 953 1287 1019 3808
1317 951 1365 1034 [C.
1383 954 1407 1021 l.
1425 954 1455 1018 L.

316 1061 332 1127 I
356 1063 507 1148 n.1149;
536 1062 571 1128 Ρ.
589 1061 623 1127 L.
642 1061 685 1125 M.
704 1062 742 1127 E.
765 1061 831 1127 tab.
850 1059 989 1126 LXVIII
999 1059 1043 1141 C]
1069 1059 1232 1125 reicientis
1255 1059 1359 1125 Musei
1382 1060 1455 1145 phil.
1508 1117 1509 1150 ,

318 1168 386 1235 LV
410 1191 440 1252 p.
460 1168 538 1233 606:
566 1161 885 1250 M·MANLIVS**)
913 1164 1455 1232 M·F·L·TVRP1L1vsL-F-
1508 1151 1509 1154 ¹

317 1271 576 1340 DVOMVIRL'S
601 1311 641 1320 -
665 1312 707 1322 —
731 1271 1061 1341 COERAVERVNT
1085 1272 1342 1352 EISDEMQVE
1364 1273 1456 1340 PRO·

319 1380 513 1446 BAVERE:
537 1402 632 1466 quem
654 1381 808 1446 nimirum
831 1382 1080 1466 metaplasmum
1095 1380 1288 1466 Hartungus
1311 1381 1457 1466 interpre

320 1492 410 1555 tatur
432 1489 471 1553 dc
494 1487 622 1553 casibus
646 1487 730 1554 libro
753 1511 784 1572 p.
799 1487 874 1556 252.
914 1488 997 1553 Eam
1020 1491 1129 1553 tamen
1152 1489 1399 1572 inscriptionem
1421 1511 1457 1553 ne

321 1596 361 1660 ad
391 1593 525 1660 Sullana
556 1595 684 1679 quidem
716 1598 866 1680 tempora
897 1599 982 1661 recte
1019 1594 1138 1660 referre
1165 1593 1354 1660 Henasnum
1388 1595 1457 1660 ibid.

320 1705 341 1766 t.
358 1699 406 1766 VI
428 1724 458 1785 p.
478 1699 543 1766 615
566 1701 733 1786 concedet,
756 1701 811 1785 qui
834 1701 937 1766 multo
960 1701 1049 1784 prius
1068 1719 1213 1766 cessasse
1236 1700 1289 1768 ΕΒ
1312 1704 1457 1768 termina·

320 1807 420 1874 tionis
442 1830 537 1873 usum
559 1807 768 1892 reputaverit.
799 1807 868 1873 Nec
887 1805 1035 1873 Caesaris
1058 1807 1253 1874 auctoritate
1271 1809 1458 1894 interposita

320 1914 491 2000 quicquam
514 1916 549 1981 in
571 1915 768 1980 contrariam
791 1917 918 1998 partem
940 1913 1073 1998 poteris,
1095 1913 1134 1978 de
1153 1936 1216 2001 quo
1236 1915 1283 1980 sic
1298 1913 1458 1982 Charisius

280 2041 307 2080 so
319 2043 350 2106 p.
373 2022 416 2087 86
443 2021 597 2106 prodidit:
629 2020 672 2087 Is
701 2020 790 2086 licaeo
821 2021 915 2085 idem
946 2021 1144 2103 conpositum
1173 2020 1267 2101 scuit:
1300 2024 1364 2089 aiei
1390 2026 1458 2107 prato

319 2128 435 2195 Cacsar
458 2129 535 2194 libro
552 2129 681 2195 soccus
694 2128 894 2212 sinpoioriter
916 2128 1023 2206 idem,
1040 2127 1209 2210 pluraliter
1231 2129 1345 2194 isdem
1366 2131 1457 2196 diceu-

319 2237 394 2301 dom
420 2237 579 2318 affirmat:
610 2235 664 2300 sod
693 2235 874 2300 consociatio
901 2233 955 2298 hoc
976 2253 1039 2298 ason
1065 2237 1176 2298 seruat.
1222 2232 1311 2310 Quae
1334 2237 1364 2302 si
1386 2259 1458 2301 rana

321 2345 409 2426 sunt,
434 2341 518 2406 credi
541 2341 596 2406 ille
618 2340 749 2425 poterit,
771 2343 808 2404 ut
830 2341 910 2406 idon
933 2339 1021 2406 lacau
1052 2339 1096 2405 ab
1116 2341 1196 2406 diem
1219 2341 1330 2424 (cidem
1358 2341 1458 2428 isidem)

319 2450 456 2516 domines
483 2448 733 2532 discerneretur,
763 2447 961 2533 aliquamdiu
988 2449 1236 2513 intermortuam
1261 2449 1459 2536 scripturam,

321 2555 376 2621 sed
399 2578 481 2642 quae
504 2555 621 2622 vixerit
643 2558 752 2620 tamen
776 2555 869 2640 olim,
891 2555 1076 2623 resuscitari
1099 2555 1245 2638 iussisse,
1269 2579 1458 2644 quamquam

195 2663 200 2672 ’
322 2666 390 2730 sine
414 2668 530 2729 eventu
557 2662 698 2729 iussisse.
745 2661 867 2738 Quodsi
895 2661 933 2726 de
957 2659 1207 2744 transponendis
1231 2659 1374 2729 Charisii
1396 2687 1458 2729 ver·

321 2770 372 2835 bis
395 2768 611 2854 Nipperdeius
633 2791 665 2853 p.
681 2769 743 2834 757
769 2768 905 2854 cogitat,
935 2767 998 2832 hoo
1023 2767 1134 2832 modo:
1164 2769 1227 2834 urai
1253 2771 1328 2852 quoia
1351 2772 1460 2838 Caesar

322 2877 399 2942 zaro
430 2877 558 2942 amado
589 2877 683 2942 idem
709 2875 886 2958 pluraliter,
923 2875 1125 2958 sinpuioriter
1160 2875 1273 2942 isdem
1304 2877 1459 2945 dicendam

410 3069 436 3140 t)
456 3068 509 3140 [of.
530 3068 558 3124 C.
579 3071 599 3124 I.
619 3070 650 3124 L.
670 3069 681 3122 l
701 3073 820 3134 n.1192;
844 3067 874 3125 P.
890 3066 921 3123 L.
935 3066 971 3122 Μ.
987 3067 1018 3124 Ε.
1037 3068 1095 3124 tab.
1110 3067 1159 3123 LX
1173 3069 1206 3123 K
1221 3071 1251 3124 et
1269 3067 1365 3128 Ensrr.
1385 3087 1409 3142 p.
1420 3078 1458 3138 53,

320 3158 370 3214 nbi
387 3158 457 3212 haec
475 3156 589 3227 scripsit
602 3157 785 3212 Bitschelins:
807 3155 997 3212 ‘Formianum
1016 3155 1069 3212 etsi
1088 3156 1208 3212 «litteris
1226 3159 1362 3215 vetustis»
1380 3161 1458 3230 scrip-

320 3248 381 3302 turn
396 3248 583 3302 Mommsenus
601 3246 622 3300 1.
642 3247 675 3302 lt.
694 3246 727 3300 N.
743 3251 812 3300 4102
833 3260 882 3299 suo
901 3243 961 3300 iura
980 3243 1064 3316 dixit,
1082 3247 1177 3300 tamen
1196 3250 1311 3317 propter
1328 3247 1459 3303 mvnvs!

322 3339 351 3392 et
370 3335 566 3391 CVRAVERE
585 3335 762 3406 scripturam,
781 3334 816 3391 de
836 3349 892 3403 qua
905 3331 1039 3404 agilion.
1054 3333 1141 3403 epigr.
1157 3337 1190 3389 tr.
1210 3353 1238 3404 p.
1252 3335 1299 3405 Vl,
1318 3353 1375 3392 non
1389 3337 1457 3393 vide·

322 3429 368 3480 tur
380 3425 478 3481 medio
497 3425 609 3481 saeculo
627 3425 745 3495 septimo
764 3439 844 3494 posse
864 3421 1005 3492 antiquior
1023 3421 1140 3477 haberi!
1179 3421 1209 3479 C.
1224 3423 1281 3496 W.]

400 3515 442 3584 **)
461 3514 561 3584 [Immo
579 3512 813 3581 laurumve,
832 3513 866 3568 oi.
881 3511 1051 3568 Ritschelius
1071 3513 1159 3570 Musei
1172 3514 1260 3570 Rhen.
1279 3515 1353 3570 ΗΧ
1373 3535 1398 3587 p.
1415 3521 1459 3570 15⁷

322 3606 367 3674 (a
387 3603 487 3674 Opusc.
507 3602 533 3657 Η
551 3621 577 3673 p.
593 3605 655 3672 648)
679 3605 709 3658 et
726 3601 821 3658 Enarr.
841 3601 898 3656 tab.
919 3619 939 3656 s.
951 3619 972 3656 s.
990 3621 1017 3672 p.
1029 3607 1071 3670 60,
1090 3602 1139 3658 ubi
1157 3603 1226 3659 haec
1244 3604 1370 3676 scripsit:
1391 3605 1459 3660 ‘Nun

321 3692 376 3748 suit
394 3695 488 3748 autem
507 3695 606 3748 auctor
623 3692 706 3746 huius
723 3691 801 3747 tituli
819 3690 867 3760 qni
886 3692 922 3747 ab
941 3691 1068 3748 omnibus
1086 3693 1203 3762 putatur
1216 3709 1280 3748 cnm
1294 3692 1323 3747 L.
1340 3693 1459 3764 Turpilio

321 3783 350 3838 M
362 3813 367 3826 ·
378 3779 543 3838 MANLIVS
562 3779 684 3850 quidam,
704 3781 752 3836 sed
771 3781 800 3834 M
811 3779 995 3836 ¹MAELIVS.
1025 3781 1085 3835 Nec
1103 3781 1176 3836 enim
1193 3783 1245 3837 AN
1263 3782 1372 3839 litteras
1390 3783 1459 3838 lacri-

321 3889 374 3928 nae
393 3870 514 3942 spatium
534 3869 619 3940 capit,
638 3887 688 3925 nec
707 3870 912 3941 neglegendum
930 3869 985 3925 fuit
1002 3870 1077 3939 quod
1091 3871 1157 3926 ante
1170 3870 1251 3926 LlVS
1270 3871 1299 3926 in
1312 3871 1370 3928 imo
1385 3889 1459 3928 vorsu

321 3961 459 4031 superstas
478 3961 521 4014 est
539 3959 665 4030 quamvis
684 3959 818 4030 pusillum
836 3959 985 4031 vestigium
1003 3959 1069 4014 talis
1086 3959 1198 4016 litterae
1217 3977 1289 4030 quaa
1308 3965 1359 4018 ant
1376 3963 1397 4017 L
1415 3963 1460 4016 aut

321 4051 344 4104 Ε
365 4067 424 4106 esse
443 4048 544 4120 potuit,
562 4067 618 4105 non
636 4049 730 4120 potuit
743 4049 780 4104 N:
801 4049 878 4106 cuius
897 4049 937 4105 rei
955 4051 985 4105 et
998 4049 1141 4105 oculatum
1159 4052 1260 4106 testem
1274 4051 1365 4109 habeo
1380 4052 1459 4106 Brun·

322 4139 400 4196 nium
419 4141 448 4194 et
465 4141 574 4194 mutum
592 4140 739 4196 chartaceo
762 4141 864 4209 ectypo
887 4156 1048 4209 expressum
1071 4140 1238 4212 exemplum,
1264 4140 1293 4196 in
1312 4158 1367 4211 qno
1385 4157 1459 4210 repu-

322 4229 438 4284 tandum
462 4229 505 4283 est
522 4229 636 4299 octuplo
655 4227 790 4284 maiorem
808 4227 921 4284 titulum
940 4245 1083 4299 apparere.
1126 4229 1163 4284 Et
1180 4245 1277 4300 reapse
1295 4229 1459 4293 nranfflvs,

322 4335 378 4373 non
396 4317 571 4387 MANLIVS,
590 4318 695 4374 editum
714 4320 758 4374 est
776 4317 845 4373 olim
862 4335 880 4372 a
897 4317 1041 4374 Fabrettio
1060 4337 1087 4389 p.
1103 4324 1154 4374 342
1174 4337 1200 4374 n.
1215 4324 1275 4374 628.
1299 4320 1402 4375 Verum
1415 4317 1459 4388 qni

322 4405 416 4460 metiri
434 4405 584 4461 intervalla
602 4408 686 4475 volet,
705 4407 788 4465 facile
807 4425 842 4464 ne
861 4407 883 4462 L
902 4407 1015 4477 quidem
1029 4408 1153 4465 litteram
1168 4407 1314 4464 convenire
1333 4405 1363 4462 in
1381 4404 1459 4478 spatii

323 4493 467 4564 angustias
485 4493 640 4568 intelleget,
659 4496 707 4553 sed
727 4513 810 4552 unam
828 4490 851 4550 li
870 4496 921 4552 illa
939 4495 1083 4568 aliquanto
1102 4497 1278 4554 breviorem)
1318 4497 1348 4554 C.
1362 4495 1416 4567 W.]
