3080 5142
488 399 772 448 svrrnnmnurvm
794 401 816 447 1.
1161 387 1226 452 503

101 547 193 607 essent
220 543 272 627 qui
299 541 536 626 probabiliores
564 542 689 607 scilicet
719 543 885 628 legionum
913 565 1064 609 numeros
1091 546 1227 629 proclivi
1265 605 1269 616 .

25 699 28 724 ,
101 649 266 712 coniectura
296 649 469 713 restituere
501 649 644 714 animum
675 649 877 715 inducerent:
915 672 978 715 una
1010 650 1095 714 enirn
1128 651 1276 720 inter-11

101 754 255 838 punctione
282 756 385 821 altero
419 777 435 820 e
463 757 534 822 loco
567 756 728 821 translata
760 757 794 820 in
827 756 966 822 alterum
997 757 1084 821 haud
1115 757 1226 840 paullo

102 860 314 927 commodiores
338 884 490 928 numeros
513 863 633 928 dixeris
656 859 809 927 IX·XVl
832 862 1026 947 prodituros.
1058 861 1155 927 Nunc
1172 884 1227 927 au·

101 973 156 1031 tem
176 973 344 1052 postquam
367 969 488 1053 insigni
509 969 626 1033 horum
650 968 831 1034 studiorum
855 969 1010 1035 beneficio
1029 969 1127 1033 fidem
1144 969 1225 1053 lapi-

102 1075 164 1138 dum
190 1075 315 1140 firmare
345 1079 415 1140 tam
448 1079 537 1142 certo
565 1097 663 1160 quam
695 1074 835 1158 simplici
868 1079 1057 1159 ectyporum
1089 1076 1225 1141 artificio

102 1180 260 1265 didicimus,
283 1205 418 1268 prorsus
440 1183 569 1266 ineptus
593 1183 637 1248 sit
660 1183 716 1268 qui
739 1183 860 1248 talibus
885 1183 1022 1268 argutiis
1042 1183 1225 1248 delectetur.

102 1287 137 1350 llt
156 1293 241 1353 sexta
260 1289 385 1355 decima
403 1289 581 1355 substituta
599 1289 632 1354 in
653 1290 760 1354 locum
779 1294 889 1355 sextae
908 1293 941 1354 et
959 1289 1130 1354 vicesimae
1149 1289 1224 1373 quid

102 1394 212 1459 landem
235 1397 409 1480 proficias?

173 1499 352 1568 Dictator
382 1503 505 1587 igitur
536 1502 580 1568 M.
602 1502 795 1568 Minucius
828 1499 862 1567 0.
890 1502 911 1566 f.
945 1502 1034 1566 anni
1064 1501 1137 1567 533
1169 1502 1226 1567 ille

103 1627 153 1690 qna
171 1609 404 1674 necessitudine
427 1631 500 1674 cum
523 1609 639 1673 ceteris
663 1608 806 1674 ciusdem
828 1608 945 1673 aetatis
964 1606 1116 1674 Minuciis
1134 1607 1225 1674 ltufis

104 1713 295 1794 contineatur,
322 1717 482 1800 quoniam,
505 1716 557 1780 avi
583 1737 702 1780 nomen
725 1715 872 1779 additum
899 1736 964 1779 non
988 1714 1094 1779 estin
1117 1715 1226 1799 lapide

103 1817 244 1906 Romano,
274 1844 340 1887 non
372 1823 454 1887 satis
486 1825 695 1906 compertum.
744 1821 857 1888 Potuit
888 1820 944 1886 ille
972 1825 1028 1886 aut
1055 1821 1123 1886 eius
1152 1819 1225 1887 Gaii

103 1924 173 1990 llius
194 1948 271 2008 esse,
294 1949 390 2014 quem
413 1927 532 1994 Lucius
555 1926 658 1993 Marci
682 1928 822 2018 consulis
845 1931 937 2011 pater
957 1932 1084 2012 patrem
1102 1928 1225 2013 habuit,

104 2035 148 2094 aut
171 2033 236 2098 aius
264 2036 318 2118 qni
343 2033 425 2100 Gaio
454 2035 513 2100 illo
541 2039 720 2120 prognatus
749 2038 842 2118 pater
865 2033 974 2110 Quinti
1003 2034 1145 2099 consulis
1173 2057 1224 2098 ex-

103 2137 181 2223 stitit,
201 2140 231 2206 h.
247 2164 271 2206 e.
290 2141 382 2207 Lucii
405 2146 462 2206 aut
484 2142 586 2207 frater
607 2145 663 2206 aut
681 2163 720 2205 ex
738 2141 838 2206 fratre
857 2163 972 2225 nepos:
995 2140 1028 2204 id
1046 2141 1131 2224 quod
1150 2140 1224 2205 lice-

103 2243 141 2307 bit
159 2249 334 2313 stemmatis
354 2229 561 2334 'genealogici
584 2247 635 2312 his
659 2247 815 2331 exemplis
839 2247 1016 2312 declarare:

236 3297 288 3336 cos.
304 3286 357 3334 533
413 3295 468 3334 cos.
483 3285 534 3335 667
643 3297 698 3336 coa.
714 3287 766 3336 633
839 3281 906 3339 diet.
926 3289 977 3338 533
1104 3297 1157 3338 cos.
1173 3289 1224 3339 557

194 3368 266 3422 mag.
281 3369 323 3421 eq.
339 3357 391 3406 537
610 3369 684 3423 mag.
700 3369 743 3421 eq.
758 3358 809 3407 537

105 3506 159 3576 Nec
178 3519 279 3579 utrum
303 3514 370 3579 utri
393 3517 550 3599 praestet,
573 3513 640 3578 ulla
663 3535 735 3579 cum
759 3516 953 3581 confidentia
977 3540 1013 3580 ex
1033 3517 1150 3581 aetatis
1169 3537 1224 3581 an-

106 3617 144 3680 uis
160 3619 235 3685 inter
258 3643 291 3685 se
311 3619 448 3686 conlatis
468 3620 604 3706 efficias,
628 3621 757 3706 quando
772 3623 876 3687 maior
895 3623 1039 3688 minorve
1058 3625 1135 3686 natu
1155 3644 1225 3687 esse

106 3719 188 3790 irater
212 3728 324 3793 fratre·
338 3728 454 3811 potuit.
505 3725 582 3792 Non
610 3729 715 3812 magis
743 3728 782 3793 dc
810 3732 900 3813 patre
929 3729 996 3794 eius
1027 3728 1070 3794 M.
1093 3727 1225 3793 Minucii

107 3826 165 3895 llufi
184 3823 319 3920 constat,
343 3855 439 3920 quem
463 3839 496 3899 et
513 3839 696 3919 praetorem
714 3856 743 3898 a.
758 3835 821 3899 557
842 3833 941 3898 fuisse
965 3838 997 3898 ct
1016 3834 1225 3920 postmodum

108 3935 172 4003 alias
192 3963 239 4006 res
259 3942 398 4027 gessisse
412 3940 525 4006 Livius
544 3945 658 4006 auctor
676 3943 726 4005 est
743 3941 764 4004 1.
777 3939 914 4024 XXXII,
927 3941 979 4024 27,
1003 3940 1089 4006 alibi.
1123 3939 1225 4016 Quam

108 4047 147 4106 sat
176 4048 336 4113 commode
374 4053 430 4113 aut
459 4047 561 4113 Marci
594 4047 733 4112 consulis
765 4047 867 4111 filium
900 4051 957 4110 aut
993 4046 1102 4133 (modo
1135 4047 1225 4128 prius

108 4151 222 4218 stemma
243 4152 392 4240 sequare)
411 4153 524 4230 Quinti
547 4153 681 4218 fratrem
700 4153 798 4237 dicas,
820 4153 884 4217 nisi
908 4153 1009 4237 ipsius
1032 4173 1103 4216 esse
1127 4151 1226 4216 dicta·
1248 4197 1251 4206 Δ

108 4257 171 4324 loris
191 4261 272 4327 filins
295 4261 410 4346 possit.

178 4363 377 4433 Dictaturam
392 4368 477 4452 quod
495 4390 592 4451 supra
606 4367 792 4432 dicebamus
811 4389 884 4432 raro
907 4389 976 4450 pro
999 4365 1071 4430 illa
1095 4367 1225 4430 aetate

109 4476 232 4557 exemplo
259 4476 329 4542 viro
357 4497 422 4540 non
451 4475 614 4540 consulari
641 4475 818 4557 conlatam,
855 4473 1059 4538 mirabuntur
1085 4471 1225 4538 fortasse
