3048 5140
1511 33 1514 240 l

271 343 336 407 316
701 351 755 408 hu
780 363 987 409 multisonis

272 499 552 568 OLATRATAS·
572 501 605 568 Π
624 537 630 550 ·
646 500 762 568 CVM·
776 501 985 570 POSTIBVS
999 539 1006 553 ·
1022 499 1337 570 AESGVLNIEIS·
1356 501 1448 568 FA-

272 608 385 695 cluo,
407 633 436 675 v.
453 612 491 675 11
512 608 679 676 EISDEM
698 646 705 659 ·
725 646 732 659 ·
751 646 758 659 ·
778 645 785 658 ·
803 610 1032 676 PARIIl'l'EM
1046 647 1053 660 ·
1068 609 1161 677 CVM
1175 647 1183 660 ·
1196 608 1448 678 MARGINE·

273 715 426 782 AL'PVM
440 751 446 764 ·
461 715 620 782 FACITO
636 752 643 768 ·
658 716 684 782 P
699 752 706 765 ·
721 716 765 802 X,
802 740 830 782 v.
856 719 897 782 13
919 716 1086 784 EISDEM
1105 753 1112 766 ·
1130 716 1297 784 OSTIVM
1320 753 1328 767 ·
1358 753 1368 766 ·
1399 751 1409 766 ·
1439 753 1446 765 ·

185 877 189 886 .
272 821 529 890 senescens
552 857 559 872 ·
584 857 590 870 ·
615 859 621 872 -
645 859 652 872 -
676 804 903 889 enniconis
921 858 930 873 ·
948 822 1201 891 orsusvuo.
1250 825 1446 891 Postremo

271 934 386 996 nostra
409 934 516 996 aetate
539 930 611 1013 ipse
634 929 853 1015 eisdemque
882 931 1066 1016 probauit
1091 931 1234 996 formula
1257 929 1397 1015 prodiit
1425 953 1446 996 c

273 1036 500 1102 Tarracinensi
523 1035 622 1101 titulo
641 1035 730 1102 cuius
748 1035 901 1102 notitiem
920 1035 957 1102 G.
971 1036 1158 1104 Melchicrri
1182 1037 1272 1103 dedit
1294 1038 1330 1103 in
1346 1037 1445 1104 Bul-
1517 1046 1518 1128 l

272 1145 342 1209 lett.
366 1142 469 1208 instit
492 1143 651 1210 archaeol.
674 1143 768 1210 Rom.
791 1167 819 1210 a.
841 1145 927 1210 1842
949 1167 980 1229 p.
998 1145 1041 1211 98
1074 1143 1121 1226 [G.
1145 1145 1171 1211 I.
1193 1144 1229 1210 L.
1252 1145 1268 1210 I
1291 1169 1322 1213 n.
1343 1148 1447 1230 5763
1517 1135 1518 1172 ³

272 1250 307 1315 P.
330 1249 365 1315 L.
388 1249 432 1314 M.
454 1249 492 1315 Ε.
515 1249 581 1316 tab.
600 1247 692 1315 LVII
705 1249 768 1332 D],
791 1251 847 1336 qui
869 1273 953 1316 nunc
975 1251 1052 1316 talis
1076 1257 1138 1317 est:
1518 1298 1519 1356 1

288 1390 677 1560 Q·
692 1391 840 1457 GALBA
854 1427 862 1442 ·
877 1391 956 1458 OOS
988 1390 1330 1532 PAVIMENTwMj

689 1497 1017 1577 “ulsDnMQVn
1038 1535 1045 1548 ·
1066 1499 1193 1566 PROB

274 1651 302 1716 Ε
326 1650 443 1735 quibus
467 1647 624 1732 exemplis
651 1644 911 1731 praetermittere
937 1643 1088 1709 uolumus
1116 1644 1149 1709 id
1176 1666 1304 1731 quoque
1331 1645 1446 1732 disci,

273 1779 339 1822 uon
363 1756 396 1820 in
416 1754 595 1838 composito
615 1753 742 1818 demum
765 1751 863 1816 idem
886 1751 1077 1838 prenomine
1100 1752 1290 1836 productam
1315 1775 1401 1819 esse
1431 1757 1446 1820 i

275 1864 420 1929 vocalem
443 1860 700 1945 compensandae
720 1880 737 1924 s
760 1880 886 1942 caussa,
913 1858 968 1924 sed
997 1858 1109 1924 eadem
1137 1882 1289 1925 mensura
1313 1860 1444 1945 ipsum

275 1993 294 2036 a
316 1968 474 2055 principio
499 1967 681 2051 simplicem
709 1965 741 2030 is
764 1964 1001 2030 nominativum
1024 1965 1139 2048 fuisse,
1172 1987 1269 2050 quam
1292 1989 1446 2052 semper

273 2077 380 2161 prima
403 2075 529 2158 syllaba
552 2073 695 2138 servavit
722 2071 865 2157 genetivi
896 2071 990 2157 eius,
1022 2070 1079 2136 diu
1108 2071 1207 2137 etiam
1236 2071 1442 2140 dativorum

275 2184 310 2247 ei
334 2183 426 2248 ΕΙΕΙ
450 2186 547 2266 atque
568 2176 693 2245 EIEIS.
725 2177 817 2255 Quod
836 2177 965 2262 quidem
982 2178 1031 2242 ita
1049 2199 1118 2241 esse
1136 2200 1269 2261 prorsus
1288 2179 1443 2248 evidens

274 2290 313 2354 fit
335 2290 452 2374 eplcge
480 2285 728 2371 repetundarum
755 2306 853 2368 quam
882 2282 1053 2348 Serviliam
1086 2284 1291 2368 appellitant,
1323 2291 1366 2350 ut
1402 2289 1443 2353 in

276 2419 340 2481 qua
362 2396 432 2479 ipse
455 2395 489 2458 is'
512 2392 730 2457 nominativus
754 2391 854 2455 semel
877 2387 946 2455 uls
974 2390 1113 2475 scriptus
1137 2393 1192 2456 sit:
1222 2390 1290 2457 sul
1305 2426 1313 2441 ·
1328 2392 1442 2459 EIS·

276 2501 421 2568 VOLET
436 2517 446 2550 ·'
459 2500 572 2566 SIBEI
587 2534 594 2549 ·
609 2495 839 2563 PATRONOS
853 2534 859 2545 ·
874 2496 922 2562 IN
937 2533 944 2546 ·
959 2495 1055 2562 EAM
1069 2532 1076 2546 ·
1091 2497 1185 2562 REM
1199 2532 1206 2547 ·
1222 2497 1378 2564 DAREI.

363 2607 435 2674 Hoc
457 2609 560 2694 igitur
581 2610 649 2671 tam
672 2605 776 2670 solido
799 2603 1009 2670 fundamento
1034 2604 1114 2670 satis
1136 2607 1208 2670 tuto
1227 2605 1289 2671 niti
1310 2605 1444 2674 licebit

275 2721 325 2799 ut,
348 2715 451 2780 sicubi
475 2714 517 2780 ad
541 2713 685 2778 eisdem
707 2710 759 2776 vel
783 2710 904 2775 isdem
926 2710 1066 2776 formam
1092 2715 1239 2795 spectare
1261 2711 1296 2776 in
1321 2715 1440 2800 aerip-

274 2827 383 2888 torum
406 2820 500 2886 libris
524 2819 671 2884 codicum
690 2817 829 2902 vestigio
848 2817 1026 2902 videantur,
1049 2817 1246 2883 confidenter
1264 2819 1442 2904 ei'patro-

276 2928 427 2994 ciuemur.
458 2925 539 2991 Eius
557 2928 668 2989 tamen
687 2923 816 3008 generis
838 2944 903 2987 non
927 2921 1076 2987 novimus
1098 2922 1164 2987 nisi
1182 2921 1245 2988 duo
1264 2927 1443 3012 exempla,

276 3034 413 3101 alterum
437 3031 547 3114 Ennii,
571 3029 611 3094 ad
635 3051 730 3115 quem
754 3028 841 3096 infra
863 3031 1043 3094 revertetur
1065 3028 1186 3112 oratio,
1212 3027 1321 3095 Plauti
1345 3033 1440 3099 alte-

229 3161 263 3200 vr
278 3163 362 3206 rum:
385 3139 511 3224 reliqua
533 3159 616 3224 quae
638 3159 704 3202 nou
727 3157 828 3220 parvo
850 3157 984 3201 numero
1008 3134 1085 3200 olim
1105 3135 1269 3202 exstitisse
1288 3159 1440 3207 consen-

276 3254 407 3314 taneum
432 3249 495 3330 est,
525 3247 613 3309 aetas
638 3242 841 3309 oblitteravit
867 3242 983 3308 omnia.
1028 3243 1090 3309 Est
1118 3248 1226 3309 autem
1249 3241 1440 3313 Plautinus

277 3377 386 3420 versus
401 3351 648 3438 Amphitruonis
666 3349 836 3436 111,2,64,
859 3371 954 3434 quem
973 3371 1076 3433 nuper
1095 3349 1226 3434 [Opuso.
1243 3349 1277 3415 Π
1295 3373 1327 3434 p.
1341 3353 1438 3438 432]

276 3460 566 3527 demonstravimus
594 3459 700 3524 deleto
724 3456 803 3522 milvi
824 3455 1016 3541 pronomine
1039 3455 1086 3520 sic
1110 3456 1312 3522 scribendum
1338 3481 1439 3528 esse:

400 3585 521 3650 Verum
546 3583 657 3649 eadem
681 3583 709 3648 si
731 3581 833 3646 isdem
856 3582 1004 3668 phrigas,
1026 3580 1184 3665 patiunda
1206 3587 1291 3647 suut.

276 3709 341 3776 Vbi
364 3711 459 3776 emm
477 3708 579 3774 Vetus
598 3707 742 3772 servavit
755 3728 827 3772 cum
842 3705 1002 3773 Vaticano
1017 3704 1203 3784 Vrsiniano‚
1226 3707 1325 3771 ceteri
1347 3707 1437 3776 libri

275 3817 397 3903 partim
415 3817 524 3882 iisdem
541 3813 660 3898 partim
678 3813 790 3878 melem
804 3811 969 3878 exhibent:
993 3834 1057 3898 quo
1076 3835 1142 3878 non
1160 3813 1327 3880 intellecto
1342 3817 1436 3884 idem

277 3923 400 3989 invexit
420 3919 633 3988 Camerarius.

366 4029 573 4114 Perspectum
597 4031 648 4093 est
669 4025 769 4112 igitur
791 4045 857 4093 non
875 4047 954 4092 sane
972 4025 1011 4092 de
1030 4049 1088 4093 suo
1106 4031 1302 4092 novaturum
1322 4027 1434 4095 luisse

277 4135 448 4203 Gaesarem
480 4133 566 4219 quod
597 4133 688 4199 nullo
719 4136 866 4217 tempore
893 4133 1051 4199 usitatum
1079 4131 1211 4220 fuisset,
1246 4132 1275 4199 si
1306 4133 1434 4202 isdem

275 4243 364 4310 lvovno
396 4241 566 4308 dicendum
598 4239 809 4325 praeciperet.
866 4239 929 4305 Sed
962 4239 1012 4305 vel
1046 4238 1091 4304 sic
1119 4244 1242 4319 tamon,
1278 4240 1311 4307 id
1343 4263 1430 4308 num

277 4370 390 4434 reapse
417 4348 543 4432 fecerit,
572 4346 740 4413 dubitandi
768 4367 915 4410 caussam
945 4345 1172 4433 gravissimam
1200 4346 1269 4412 eius
1297 4347 1430 4414 formae

278 4453 478 4538 comparatio
496 4455 649 4538 praestat,
663 4475 760 4537 quam
774 4452 882 4536 planis
896 4453 1003 4520 verbis
1018 4451 1149 4520 Caesari
1168 4454 1267 4520 codex
1281 4451 1429 4520 Charisii
