3048 5140
340 427 459 478 rossrs
482 427 680 476 sarvsuran
705 425 939 475 srrcrnnarvrr.
1149 409 1214 474 307

84 571 206 654 receptis
229 594 314 656 quae
339 593 436 656 supra
455 571 577 655 scripte
600 574 694 636 erant
715 569 751 634 in
772 570 944 636 verborum
969 568 1216 635 continuitatem

85 677 167 742 amul
188 683 340 764 serpente
358 699 467 744 errore
486 678 537 742 vel
556 681 677 744 temere
696 677 871 742 traicerent
889 677 1049 742 vocabula
1066 677 1117 741 vel
1135 677 1216 741 osci·

86 791 176 848 lenter
201 807 285 870 quae
314 785 471 850 servanda
502 788 595 850 erant
623 784 929 870 praetermitterent.
975 782 1126 859 Qualium
1149 787 1217 848 tur-

86 891 182 955 barum
211 891 268 976 qui
296 892 444 977 exempla
467 892 640 970 desideret,
668 890 821 956 Plautum
844 891 986 957 evolvat:
1019 890 1145 956 affatim
1168 911 1216 954 re·

86 997 181 1080 periet
222 997 295 1063 Nec
318 1020 357 1062 ca
380 998 413 1062 in
443 998 629 1063 coniectura
656 997 778 1081 posita,
810 997 866 1063 sed
893 997 1040 1082 ipsorum
1069 996 1216 1061 dissensu

87 1105 212 1168 codicum
244 1108 442 1170 contestata:
475 1127 535 1169 nec
566 1105 782 1170 recentiorum
809 1107 937 1169 tantum
970 1103 1130 1188 codicum,
1162 1103 1243 1168 scd'

86 1209 169 1293 ipsius
200 1210 429 1294 Ambrosiani,
467 1210 593 1276 modico
626 1211 781 1294 temporis
814 1210 986 1276 intervallo
1019 1232 1040 1274 a
1068 1208 1217 1274 Gelliana

87 1321 175 1381 aetate
203 1317 367 1382 distantis.
415 1317 504 1394 Quae
533 1317 641 1382 omnia
664 1339 736 1382 cum
763 1315 811 1382 ita
834 1316 913 1400 sint,
940 1338 1008 1381 non
1031 1316 1217 1381 dubitamus

86 1445 218 1488 reanum
237 1421 495 1489 Catonianomm
517 1423 603 1488 hunc
626 1422 693 1488 fere
715 1427 862 1488 tenorem
886 1422 1110 1489 commendare
1134 1421 1193 1509 (I):

160 1548 378 1612 Auaritiam
402 1548 532 1613 omnia
555 1545 655 1612 uitia
676 1547 847 1613 ha—bdre
871 1547 1124 1632 deputabant:

159 1651 324 1738 (lappas,
347 1656 610 1738 sumptuosus,
632 1691 655 1700 -
678 1654 851 1740 elegans,
874 1651 1031 1719 deliciis

158 1758 339 1825 Intentus
364 1759 432 1845 qur‘
451 1761 683 1845 habebatur,
704 1798 727 1807 -
748 1759 782 1825 r‘s
806 1760 1052 1826 laudabatur.

89 1881 138 1946 Pro
157 1885 272 1949 deliciis
295 1885 357 1948 etsi
381 1883 449 1949 alia
471 1885 505 1950 in
528 1889 681 1970 promptu
706 1887 795 1970 sunt,
824 1888 935 1950 tamen
958 1882 999 1948 ad
1022 1885 1218 1950 sententiam

89 1989 178 2072 aptius
199 2013 266 2056 uon
291 1991 459 2075 succurrit,
482 2013 554 2056 cam
578 1991 679 2057 latius
702 1995 818 2076 patens
843 1990 1029 2056 deliciarum
1051 1993 1143 2056 natio
1167 2013 1218 2055 su·
1234 2011 1259 2052 a

90 2095 253 2182 pellucidis,
284 2097 467 2182 epularum,
496 2099 694 2181 saltationis,
722 2097 841 2163 amoris
865 2097 1067 2180 voluptatem
1090 2118 1219 2161 omnem

92 2204 332 2286 comprehendat.
373 2202 481 2269 Versu
509 2204 615 2288 primo
643 2205 830 2288 depawbaat
858 2226 917 2289 pro
938 2203 1095 2287 putabant
1119 2203 1219 2268 etiam

91 2305 250 2375 Bceckhius
282 2311 435 2395 correxit,
467 2313 683 2397 corruptelam
711 2311 768 2377 ille
792 2311 920 2397 quidem
952 2311 1220 2396 agrammatico·

91 2435 147 2478 mm
168 2415 283 2482 studiis
306 2423 467 2504 repetens,
499 2419 617 2502 quibus
641 2419 811 2485 offensioni
834 2417 935 2482 fnisse
959 2417 1102 2482 insolens
1125 2439 1219 2483 voca·

93 2517 185 2584 bulum
208 2524 403 2608 suspicatur:
428 2524 512 2609 quod
535 2529 650 2591 contra
673 2525 767 2590 nobis
786 2524 882 2611 longe
901 2521 1081 2607 simplicior
1104 2544 1219 2588 caussa

92 2631 317 2706 praetermissae
344 2633 383 2697 dc
409 2631 556 2716 syllabae
584 2632 656 2696 visa
685 2636 735 2696 est
762 2632 796 2696 in
823 2651 857 2696 rc
879 2631 1062 2695 litterarum
1085 2629 1217 2713 propin·

93 2731 194 2814 quitate
215 2736 284 2801 sita
305 2759 386 2802 esse.

435 2970 440 2978 .
543 2916 593 2982 ll.
623 2915 672 2980 12.
698 2915 748 2980 13.

163 3017 313 3104 Superest
334 3025 372 3087 ut
394 3022 433 3086 de
457 3022 503 3086 eis
522 3021 658 3104 dicatur,
682 3043 764 3106 quae
788 3041 826 3084 ex
850 3019 962 3085 eodem
984 3019 1068 3086 libro
1087 3018 1219 3087 Catonis

95 3117 197 3190 Gellius
219 3127 268 3193 ait
291 3149 325 3192 se
344 3127 497 3212 ‘sparsim
516 3131 550 3193 et
567 3127 721 3193 intercise
740 3125 1024 3192 commeminisse’.
1053 3127 1083 3192 Ε
1102 3129 1218 3213 quibus

96 3227 156 3309 ipsis
176 3233 279 3297 verbis
303 3233 384 3298 satis
408 3234 503 3298 nobis
527 3233 641 3298 reniae
664 3237 815 3319 paratum
840 3237 940 3318 esset,
968 3233 1126 3299 siminus
1149 3257 1220 3319 pro·

96 3352 168 3415 spere
189 3360 284 3422 quam
303 3339 336 3404 in
355 3339 460 3404 adhuc
476 3341 628 3405 'tractatis
647 3341 866 3426 legitimorum
887 3339 1051 3404 restitutio
1070 3361 1219 3406 numero-

96 3461 151 3505 rum
168 3446 355 3511 succederet
387 3445 434 3510 Et
455 3449 566 3511 tamen
588 3469 629 3511 ne
653 3445 692 3511 de
714 3446 767 3511 his'
791 3446 920 3530 quidem
944 3446 1017 3510 ullo·
1034 3443 1130 3510 modo
1150 3469 1220 3511 esse

96 3545 304 3632 desperandum
327 3551 464 3636 videtur,
487 3551 584 3618 moda
610 3575 692 3638 quae
716 3553 800 3618 ratio
824 3553 910 3617 inter
928 3550 1147 3636 fragmentum
1168 3553 1220 3617 de-

96 3653 193 3722 cimum
215 3664 249 3723 et
270 3659 350 3724 hacc
372 3660 438 3724 tria
462 3682 545 3744 quae
567 3659 653 3724 intre
676 3659 770 3744 posui
789 3658 1006 3722 intercesserit
1027 3658 1063 3722 in
1085 3655 1220 3725 Catonis

96 3769 235 3849 poemate,
265 3771 350 3832 recte
373 3768 603 3852 perspiciatur:
637 3767 750 3832 Vastira'
771 3767 807 3831 ia
827 3766 896 3847 foro
918 3765 1038 3830 tanam
1059 3785 1125 3832 mos
1147 3773 1220 3846 crat,

96 3865 162 3928 dane·
180 3871 259 3950 quad
278 3873 355 3938 satra
377 3879 451 3938 crat.
484 3893 574 3955 aquas
592 3873 809 3955 coctusquam
827 3891 936 3955 coquos
952 3871 1097 3965 anetam.
1125 3874 1220 3956 pacta}

97 3978 233 4040 mcertis
256 3977 352 4044 tonos
378 4000 442 4044 aaa
468 3984 543 4046 crat.
586 3981 707 4062 aquea
733 3981 769 4044 ia
795 4000 831 4044 ea
858 3978 1052 4044 recludebat
1077 3985 1134 4045 cat
1159 4000 1222 4046 scsc

97 4079 130 4142 ad
146 4085 283 4148 conuiuia
300 4086 489 4168 adpictum,
509 4091 669 4168 praecator
688 4086 865 4151 uocabatur.
904 4084 1005 4150 Vides
1025 4107 1122 4170 quarn
1140 4086 1221 4154 haec

99 4185 185 4263 prima
206 4191 309 4284 specie
337 4191 421 4256 inter
448 4212 483 4255 sc
505 4193 665 4274 pugnent,
698 4191 783 4277 quod
810 4191 920 4275 priore
951 4190 1136 4276 fragmento
1163 4193 1220 4260 illo

99 4287 209 4359 laudata
231 4297 309 4363 clim
330 4319 401 4363 esse
420 4298 489 4363 vita
507 4300 707 4382 sumptuosa,
731 4298 864 4383 elegans
883 4301 917 4362 et
935 4297 1076 4363 delicata
1094 4298 1221 4386 dicitur,

101 4396 157 4460 sola
175 4400 355 4486 improbata
377 4426 447 4469 esse
471 4404 618 4488 avemus,
641 4403 693 4468 his
713 4409 822 4469 autem
844 4405 985 4470 maiores
1004 4407 1042 4470 ut
1058 4405 1146 4493 frugi
1164 4407 1221 4474 ho·

101 4501 183 4570 niues
205 4511 236 4571 et
257 4530 352 4592 parce
381 4510 646 4594 continenterque
675 4508 829 4596 degentes
859 4511 1094 4596 praedicantur.
1140 4511 1221 4580 Gon-

1005 4616 1061 4672 20*
