2948 5048
499 347 752 396 couuaurarro
777 347 889 394 cama.
1202 328 1264 393 189

61 488 241 552 narrat.
273 484 366 560 Quod
390 487 418 550 si
442 491 492 552 est
514 489 577 571 ita,
599 512 664 554 nou
688 489 792 553 habeo
812 509 889 551 sane
909 509 999 570 quos,
1021 491 1148 569 praeter
1167 509 1264 550 unum

62 594 258 658 fortasse
285 590 491 672 Panvinium,
523 596 600 659 illos
631 618 701 661 esse
730 595 849 678 dicam,
879 616 958 678 quos
986 597 1061 657 ante
1095 614 1129 657 ae
1156 593 1190 656 in
1218 592 1264 655 in·

65 698 297 763 stauranda
319 700 489 765 columnae
512 705 672 766 rostratae
695 702 903 784 inscriptione
925 722 1055 783 operam
1080 698 1264 763 conlocasse

65 827 214 869 auam
235 803 425 871 Oiacconius
448 806 501 870 his
525 808 630 871 verbis
655 808 816 891 signifieat
839 829 870 890 p.
889 807 910 870 5
933 804 1064 890 (1812):
1090 802 1160 868 ‘nee
1179 806 1265 869 enim

66 910 203 975 mihi
224 912 292 995 ipse
314 915 442 976 tantum
466 933 589 997 arrogo,
618 917 655 977 ut
677 912 761 996 quod
791 912 906 977 eruditi
936 911 1064 994 quidam
1089 911 1164 993 viri,
1192 934 1264 975 cum

68 1012 115 1076 in
159 1039 218 1083 eo
238 1041 304 1084 non
331 1040 444 1102 parum
474 1018 573 1083 studii
601 1020 782 1103 posuerint,
813 1040 878 1082 non
912 1017 991 1081 satis
1023 1016 1163 1081 feliciter
1194 1040 1263 1101 per-

68 1117 233 1188 fecisse
255 1123 414 1209 videntur,
446 1125 479 1190 id
507 1127 559 1190 vel
587 1127 696 1209 aliqua
724 1148 762 1190 ex
790 1130 882 1208 parte
913 1129 1095 1188 assecutum
1119 1147 1189 1188 esse
1213 1148 1264 1190 me

70 1231 265 1304 sperem?
311 1231 349 1295 ln
373 1253 437 1315 quo
461 1233 531 1297 viro
555 1233 706 1316 quoniam
733 1255 793 1315 par
816 1235 985 1297 accuratae
1008 1230 1172 1300 doctrinae
1195 1232 1263 1296 lau-

71 1324 282 1420 dabilique
304 1337 494 1423 diligentiae
518 1340 678 1404 modestia
701 1342 844 1423 apparet,
868 1360 930 1422 quo
949 1338 1022 1420 plus
1042 1338 1264 1403 similitudinis

73 1429 209 1505 inter
236 1443 339 1527 ipsius
372 1447 468 1528 atque
495 1444 596 1529 Lipsii
625 1445 798 1530 Pighiique
831 1444 1054 1526 supplementa
1086 1446 1264 1529 intercedit,

74 1554 129 1601 0⁰
165 1550 285 1614 minus
309 1550 404 1615 illum
428 1551 580 1616 credibile
603 1556 654 1616 est
675 1551 750 1635 hos,
777 1552 805 1614 si
829 1551 870 1614 ab
897 1551 948 1624 eis
972 1549 1175 1634 profecisset,
1208 1558 1264 1617 aut

76 1642 250 1720 silentio
272 1659 525 1741 praeteriturum
548 1658 648 1723 fuisse
672 1663 729 1722 aut
751 1659 797 1722 sic
822 1658 870 1720 uti
893 1656 972 1719 fecit
995 1659 1079 1720 tecte
1103 1657 1262 1740 significa·
1312 1741 1314 1744 y

77 1748 235 1828 lurum.
265 1800 309 1809 —
343 1763 494 1829 Ceterum
527 1765 633 1848 ipsum
666 1765 806 1847 lapidem
834 1787 853 1828 a
880 1761 1053 1827 Ciacconio
1082 1764 1263 1847 inspectum

81 1872 181 1926 0⁸88
212 1869 312 1952 ipsius
336 1874 436 1936 verba
457 1871 553 1936 fidem
577 1872 713 1935 faciunt:
737 1893 774 1935 ac
792 1870 915 1934 Romae
938 1892 1011 1933 eum
1030 1870 1158 1953 degisse
1183 1871 1289 1936 satisa

84 1978 252 2041 consae.
288 1976 359 2042 Nec
381 1978 485 2042 multo
509 1982 585 2062 post
609 1982 734 2042 erutum
759 1999 774 2039 e
798 1981 885 2040 terra
908 1975 1041 2040 titulum
1065 1977 1104 2040 ad
1124 1978 1263 2042 seriben-

86 2061 190 2170 dun,
210 2085 392 2162 accessisse,
411 2085 491 2150 haec
510 2086 579 2149 eius
599 2085 696 2148 verba
714 2083 843 2147 docent:
868 2082 958 2146 ‘Eius
978 2082 1147 2148 columnae
1165 2085 1264 2167 basia,

89 2190 162 2286 j⁸⁹11
195 2194 363 2272 parastata
386 2193 511 2275 potius,
541 2213 607 2255 non
630 2190 740 2273 procul
765 2191 806 2254 ab
831 2211 905 2253 arou
929 2186 1091 2272 Septimii,
1120 2192 1154 2254 in
1177 2192 1262 2257 Foro

90 2296 181 2360 ¹9⁸0
210 2295 372 2382 Romano,
399 2299 586 2382 proximis
616 2297 885 2380 superioribus
917 2296 1028 2360 annis
1053 2319 1070 2361 e
1094 2297 1262 2363 ruderibus

45 2410 56 2425 ⁹
93 2385 232 2466 effossa
254 2402 338 2469 fuit'

204 2507 284 2574 Post
315 2510 376 2574 hos
406 2533 473 2576 non
509 2511 611 2576 edidit
645 2511 772 2595 quidem
808 2532 884 2575 eam·
911 2508 1170 2592 inscriptionem,
1207 2512 1262 2577 sed

95 2594 270 2678 tra&tavit
292 2619 401 2679 tamen
425 2617 533 2699 aliqua
558 2639 595 2680 ex
619 2621 710 2698 parte
737 2616 922 2700 formasque
951 2617 1164 2680 notabiliores
1188 2618 1262 2681 iude

95 2711 276 2805 excerpsit
303 2743 388 2786 anno
417 2738 578 2787 clomxcv
606 2719 705 2805 (hunc
732 2722 816 2785 enim
845 2723 914 2806 ipse
937 2726 1076 2788 testatur
1099 2746 1129 2806 p.
1147 2723 1191 2786 45
1215 2724 1261 2788 ed.

95 2806 181 2922 tlh)
215 2826 372 2893 erasus
400 2826 657 2894 Crurumuvs
687 2830 718 2892 iu
748 2851 806 2893 suo
831 2829 991 2893 ‘Trattato
1020 2828 1106 2894 della
1130 2830 1262 2913 volgare

92 2905 238 3035 {lngua’
266 2934 413 2999 Venetiis
447 2959 474 3001 a.
498 2953 625 3003 0101001
657 2936 798 3019 primum
835 2935 935 3017 edito,
972 2936 1089 2999 iterato
1123 2937 1156 3000 in
1194 2937 1261 3000 eius

102 3013 230 3108 Opere
263 3040 404 3105 raccolte
437 3041 479 3106 da
511 3042 676 3108 Girolamo
710 3039 816 3126 Gigli’
848 3039 970 3105 Romae
1004 3063 1032 3105 a.
1059 3057 1261 3107 Cloloccxxl.

88 3112 173 3200 Vbi
201 3168 231 3229 p.
255 3147 295 3211 12
320 3145 446 3230 ‘questa
469 3148 655 3213 incrizione'
684 3148 792 3232 inquit
820 3146 954 3213 ‘benche
976 3168 1035 3229 per
1057 3146 1091 3211 la
1113 3149 1262 3233 maggior

85 3241 206 3342 farte
223 3251 342 3336 lacera,
361 3274 378 3316 e
397 3262 512 3317 manca
530 3275 588 3337 per
606 3254 635 3316 le
655 3253 794 3337 ingiurie
813 3254 865 3317 dcl
884 3257 1003 3336 tempo,
1026 3276 1042 3316 e
1061 3253 1143 3318 delle
1161 3253 1261 3337 ruine,

84 3347 115 3393 ⁸¹
152 3369 321 3423 conserva
350 3359 429 3443 oggi
455 3359 508 3424 nel
532 3359 679 3424 Romano
703 3358 949 3444 Campidoglio',
976 3358 1015 3422 de
1039 3363 1182 3444 tempore
1206 3383 1260 3423 au-

84 3434 176 3518 ten,
202 3464 344 3547 primum
368 3464 492 3529 inventi
516 3468 688 3532 marmoris
713 3468 758 3532 sic
782 3467 926 3550 loquitur
949 3489 980 3549 p.
999 3467 1054 3531 24:
1080 3465 1203 3550 ‘presso
1228 3465 1259 3529 al

82 3560 188 3628 qual
203 3568 431 3656 Campidoglio
454 3571 488 3635 fu
512 3573 543 3637 al
568 3577 677 3657 tempo
701 3573 733 3636 di
756 3573 861 3637 nostri
885 3572 978 3655 padri
1002 3572 1039 3636 ed
1064 3595 1083 3636 a
1106 3572 1260 3636 memoria

82 3655 178 3730 ΜΕ
200 3681 333 3742 trovata
356 3677 390 3742 la
411 3677 624 3751 dettabaaa'
670 3678 740 3755 Qua
763 3679 796 3743 in
821 3679 890 3743 basi
913 3701 990 3743 num
1014 3678 1070 3743 illo
1094 3679 1159 3742 iarn
1182 3680 1260 3741 tem-

82 3772 192 3841 p⁰1e
213 3805 270 3849 cae
294 3806 375 3868 quae
405 3805 515 3849 recens
543 3788 747 3849 accesserunt
774 3785 903 3850 litterae
927 3786 1107 3867 insculptae
1130 3783 1260 3864 fuerint,

83 3855 362 3974 llalldquaquam
391 3889 466 3953 hinc
493 3912 589 3973 posse
623 3892 800 3955 existimari
829 3891 966 3974 videtur,
994 3891 1078 3974 quod
1101 3891 1184 3954 inter
1207 3911 1258 3952 ex·

85 3982 241 4089 ⁰·{rpas
264 4017 285 4060 a
303 3993 469 4086 Cittadino
493 3995 614 4060 formas
639 3997 736 4060 etiam
757 3994 937 4060 OLORVM
962 3996 1041 4060 illud
1066 4001 1128 4079 est,
1152 3997 1215 4059 iam
1241 4018 1260 4059 a

87 4065 237 4179 1⁴1laio,
267 4124 287 4166 a
315 4099 488 4167 (liaceouio
521 4100 631 4187 (quem
664 4103 770 4186 ipsum
798 4106 1031 4167 commemorat
1063 4100 1131 4188 ille)
1163 4106 1259 4186 atque

92 4193 203 4266 a'Pul
224 4206 415 4273 Panvinium
439 4209 485 4272 sic
508 4208 733 4273 instauratum.

203 4291 422 4379 llOiaoconio
446 4317 555 4407 autem
579 4318 650 4378 tota
672 4314 738 4378 fere
763 4315 870 4396 opella
891 4313 968 4378 Itali
991 4314 1133 4378 hominis
1157 4312 1259 4379 Gav-

10 4486 14 4507 Ι
106 4400 197 4477 ‘³12⁸
215 4437 262 4482 on
279 4419 413 4486 Gom
428 4420 632 4485 Pisaurensis
647 4421 772 4504 pendet,
794 4421 849 4504 qui
864 4420 985 4486 Romae
1004 4444 1032 4485 a.
1047 4439 1257 4488 crolocxxxv

10 4518 26 4591 i
