3048 5140
257 298 323 375 3'12
487 309 536 375 nn*
558 328 686 376 rmvno
709 328 867 377 nnnnroo
891 327 1173 396 unmanarrnno.

258 473 443 536 constructa
465 476 599 536 mactum
622 476 857 555 montosaque
883 473 1069 558 participia:
1098 475 1223 540 utalia
1246 474 1417 542 condone-

258 567 339 662 mus,
358 599 438 661 quae
457 578 701 662 pangendorum
721 600 871 646 versuum
885 579 1059 646 difficultas
1079 583 1225 648 extorsit.
1256 581 1420 647 (laterum

255 685 381 768 ponium
399 685 508 750 domm
526 684 758 769 interpretatus
780 709 851 752 sum
871 687 911 752 ad
931 686 1177 754 similitudinem
1195 690 1311 754 talium
1330 689 1419 754 titu-

257 793 362 858 lorum
378 791 507 876 qualem
521 791 654 857 memini
670 793 756 877 apud
771 792 946 859 Gruterum
960 795 1138 881 exstara*):
1161 793 1255 862 IOVI
1269 794 1419 860 GENIO

258 894 407 962 DOMVS
437 897 473 962 T.
500 896 745 964 SEMPRONI
772 899 833 966 EX
863 899 1041 966 V·D·D:
1072 923 1114 968 ne
1145 902 1217 986 quia
1250 900 1335 966 forte
1374 901 1420 966 de

258 1005 373 1088 templi
395 1004 456 1069 deo
479 1005 612 1070 tutelari
634 1003 752 1072 Libero
775 1010 868 1090 patre
888 1007 1020 1093 cogitet,
1043 1009 1129 1092 quod
1147 1008 1306 1092 templum
1324 1005 1420 1073 Bac-

259 1110 320 1176 cho
343 1109 490 1196 Panique
513 1134 638 1177 sacrum
663 1112 771 1179 fuerit
816 1113 902 1180 Nam
925 1113 1011 1198 quod
1040 1135 1110 1180 cum
1131 1115 1266 1180 Panisos
1294 1115 1423 1180 adesse

260 1217 338 1282 deus
362 1217 500 1301 iubetur,
532 1240 610 1284 sane
633 1224 779 1303 spectaro
803 1220 989 1305 adipsum,
1016 1219 1106 1287 cuius
1129 1221 1218 1287 basis
1242 1221 1425 1287 dedicaba-

215 1347 249 1387 vr
259 1327 321 1406 tur,
346 1324 554 1390 simulacrum
577 1325 715 1410 videtur,
738 1349 801 1411 quo
826 1349 899 1392 cnm
922 1326 1059 1394 Panisco
1082 1329 1197 1394 ludens
1220 1328 1271 1396 vel
1295 1329 1423 1414 aliquo

259 1430 356 1496 modo
389 1453 461 1496 eum
495 1432 647 1497 comitem
680 1433 803 1499 habens
836 1432 983 1500 Bacchus
1020 1436 1259 1519 repraesentari
1290 1437 1425 1520 potuit

258 1535 411 1603 Dominoe
438 1542 561 1622 autam,
593 1560 730 1624 qnorum
757 1562 889 1606 munere
917 1545 950 1606 et
976 1541 1100 1607 honore
1129 1546 1243 1607 auctus
1265 1541 1424 1608 Romam

259 1642 362 1709 redire
385 1643 425 1708 ad
449 1645 619 1730 coniugem
646 1645 828 1734 liberosque
851 1645 992 1712 Alfinius
1020 1646 1109 1731 cupit
1132 1670 1149 1713 a
1172 1649 1287 1714 castris
1313 1647 1426 1715 Lam·

259 1748 482 1836 beraeensibus,
515 1774 597 1836 quae
626 1752 765 1837 legionis
793 1752 843 1818 ΠΙ
866 1752 1035 1838 Augustae
1063 1753 1209 1840 fuerunt,
1238 1757 1291 1820 vir
1320 1761 1426 1824 recte

259 1856 368 1922 credes
391 1857 487 1924 ducas
511 1859 647 1925 bellicos
670 1859 733 1924 dici
757 1858 957 1944 simpliciter,
980 1860 1036 1926 scd
1054 1859 1272 1945 Imperatores
1295 1864 1426 1948 potius

259 1956 484 2050 Caesareoque,
506 1987 589 2049 quos
607 1965 740 2032 honoris
760 1969 874 2031 caussa
892 1968 1051 2032 salutatos
1071 1989 1142 2033 esse
1161 1967 1312 2034 dominos
1332 1992 1426 2036 con-

259 2072 338 2154 stat,
368 2070 402 2135 in
423 2071 565 2154 publicis
587 2072 716 2157 quidem
745 2074 961 2138 monumentis
992 2096 1012 2138 a
1035 2073 1232 2140 Diocletiani
1260 2075 1428 2162 imperio,

258 2176 293 2240 in
315 2175 454 2260 privatis
478 2179 544 2244 iam
569 2177 610 2242 ab
626 2176 787 2244 Hadriani
809 2178 1020 2262 temporibus.
1052 2177 1153 2244 Velut
1176 2179 1203 2244 si
1219 2180 1427 2250 Antoninos

259 2283 293 2346 in
316 2286 424 2348 mente
451 2283 594 2349 habebat
616 2283 756 2348 Altinius
784 2285 849 2368 (cui
876 2288 986 2350 tamen
1015 2307 1057 2351 ne
1084 2287 1246 2370 posterius
1275 2289 1426 2373 quidem

259 2410 373 2454 aevum
404 2387 614 2477 invidemus),
650 2412 709 2456 nec
741 2394 904 2456 servatam
941 2413 980 2456 ex
1017 2392 1212 2478 antiquitate
1244 2393 1428 2476 LEIBER

260 2495 452 2579 scripturam
474 2518 533 2562 nec
556 2496 696 2561 labentis
720 2495 841 2561 saeculi
864 2496 1019 2563 indicium
1037 2519 1053 2563 c
1070 2520 1128 2582 pro
1147 2520 1184 2564 ac
1204 2501 1353 2566 vocalem
1385 2505 1428 2568 in

258 2600 453 2669 PREFectus
477 2604 540 2669 erit
562 2625 619 2668 cur
641 2603 738 2668 nimis
761 2604 923 2672 mirmur.
962 2604 1023 2671 Sed
1042 2605 1076 2670 in
1095 2606 1224 2690 singula
1243 2608 1427 2694 inquirere

259 2708 415 2794 quoniam
437 2710 584 2793 privatae
608 2711 777 2796 angustiae
802 2714 835 2776 et
850 2711 988 2796 penuria
1005 2712 1162 2780 librorum
1182 2717 1303 2799 vetant,
1327 2717 1428 2782 eatis

259 2837 345 2880 nunc
368 2816 537 2899 prolusum
562 2819 641 2884 esto.

727 2963 938 2972 *—

350 3097 421 3163 Hoc
444 3100 610 3183 prooemio
635 3106 821 3168 enarratum
833 3086 980 3169 ‘titulum
1003 3103 1289 3170 Lambaesitanum
1320 3115 1428 3192 post-

261 3227 358 3289 quam
386 3206 490 3287 denuo
513 3206 581 3274 Leo
604 3208 761 3275 Renicrus
793 3209 894 3275 edidit
920 3211 954 3275 in
978 3209 1202 3295 ‘Inscriptions
1231 3211 1427 3282 Romaines

261 3310 299 3374 de
317 3309 484 3399 l'Alge‘rie'
506 3315 629 3400 n.157‚
651 3339 712 3382 nec
729 3317 850 3399 Atinio
872 3339 932 3383 nec
953 3319 1071 3395 somnio
1095 3321 1223 3401 praeter
1245 3319 1427 3390 rationem

260 3440 358 3502 passa
373 3441 442 3486 esse
460 3422 630 3514 synizesim
649 3423 852 3488 intellectum
871 3428 928 3509 eat,
943 3425 1000 3490 scd
1013 3421 1187 3491 ALFENO
1205 3429 1239 3490 et
1257 3423 1426 3496 SOMNO

260 3525 418 3609 scriptum
445 3527 479 3592 in
509 3528 581 3612 ipso
609 3528 725 3613 lapide.
771 3527 932 3596 Carminis
960 3554 1055 3596 versu
1078 3531 1098 3596 3
1127 3529 1325 3598 BIMATVS
1350 3535 1426 3602 irn-

259 3632 412 3716 prudenti
435 3634 642 3718 quadratario
667 3635 823 3700 excidisse
845 3658 905 3720 pro
929 3636 1129 3703 BIMATER
1151 3637 1304 3704 Henneno
1329 3641 1427 3710 duco

260 3741 347 3804 recte
370 3739 587 3806 Buechclcrus
611 3740 765 3806 iudicavit
791 3742 825 3806 in
848 3741 1049 3809 Fleckeiseni
1071 3743 1189 3810 Annal.
1212 3745 1293 3828 phil.
1317 3749 1424 3818 tomo

260 3841 416 3910 LXXVII
439 3843 482 3932 (a
503 3845 602 3931 1858)
626 3870 656 3931 p.
675 3847 727 3912 63.
772 3847 808 3912 Ε
821 3849 1018 3932 praefatione
1038 3849 1181 3916 Decudc's.
1283 3843 1288 3852 ’

262 3987 474 3996 ————-—

350 4055 377 4124 *)
397 4054 558 4127 [Inscriptio
576 4073 610 4112 ex
628 4056 762 4112 memoria
779 4057 896 4113 laudata
909 4057 1020 4116 videtur
1038 4077 1098 4116 csse
1112 4059 1281 4118 Gruteriana
1296 4067 1384 4136 1065,
1403 4075 1422 4122 3

315 4143 399 4199 Orell.
416 4151 494 4214 126⁷,
513 4161 596 4216 quam
615 4146 738 4216 spuriam
757 4145 893 4201 iudicavit
910 4145 1056 4206 Hennenus
1074 4166 1101 4218 p.
1117 4153 1176 4204 128.
1214 4149 1242 4204 O.
1259 4149 1319 4224 W.]

714 4383 953 4391 .--——-·---—
