2948 5048
383 340 487 388 ursis
511 339 661 386 uvuuran
686 337 772 386 enus
797 336 1001 386 svrsusrus.
1220 314 1262 378 43
1310 326 1313 331 ·

116 483 152 546 id
175 482 204 545 ei
234 482 340 547 fraudi
373 505 535 568 poenaeue
563 505 603 546 ne
634 487 720 547 esto:
749 482 896 566 quodque
925 479 973 544 ite
1003 475 1132 564 facttum
1157 482 1262 543 netum

117 590 243 654 iussum
266 591 338 673 erit,
361 591 392 654 id
416 591 466 655 ius
489 594 660 674 ratumque
684 592 763 653 estu.
810 609 872 672 quo
896 587 1002 651 minus
1026 587 1058 650 in
1084 608 1166 665 eum,
1189 585 1264 669 quei

116 698 166 762 ita
185 700 191 776 Ι
211 697 431 762 uadimonium
464 697 602 761 Romam
635 719 673 760 ex
707 696 834 761 decreto
868 695 950 776 eius,
984 695 1057 777 quei
1089 693 1154 757 ibei
1185 692 1265 755 iarer'

117 803 266 868 dmarrrdo
288 805 430 888 praee-rit,
452 826 519 870 non
542 803 765 887 promeisserit
783 805 789 881 Ι
810 805 866 867 aut
889 800 1049 865 uindicem
1072 799 1264 882 locupletem

118 911 167 975 ite
187 933 253 975 uon
277 910 408 994 dederit,
432 911 473 975 ob
498 931 569 975 eara
592 931 655 975 ram
674 909 828 974 iudicium
848 909 1114 991 recuperatoriara
1131 906 1169 989 is,
1193 905 1265 990 quei

121 1015 126 1103 t
150 1018 216 1081 ibei
239 1018 318 1081 irrrei
341 1017 487 1091 deiciendo
511 1019 660 1102 praeerit,
683 1040 721 1081 ex
745 1017 805 1081 hae
828 1017 889 1099 lepe
911 1015 967 1080 det
989 1013 1205 1097 iudicareique
1230 1012 1266 1076 de

120 1147 159 1189 ea
181 1146 214 1189 re
236 1125 301 1189 ibei
326 1129 424 1208 curet,
447 1148 484 1189 ex
508 1126 569 1190 hae
590 1126 652 1209 leae
674 1125 753 1189 nihil
775 1122 935 1208 napata-rt

61 1230 151 1295 ssa
179 1254 242 1316 quo
275 1230 353 1316 quid
384 1234 513 1314 praeter
545 1231 713 1314 pecuniam
749 1234 869 1295 certam
903 1229 1071 1313 creditam,
1106 1230 1266 1315 signatam
1279 1221 1374 1288 xxrl

119 1338 228 1403 forma
250 1338 374 1421 publiea
396 1339 518 1421 populei
540 1337 700 1421 Raarami,
720 1342 725 1416 Ι
746 1338 781 1400 in
804 1358 915 1400 eorum
939 1359 1002 1420 quo
1028 1338 1140 1420 oppido
1163 1338 1266 1401 marri·

119 1444 200 1527 er'pio
223 1445 344 1509 colaria
362 1445 555 1529 praefectura
578 1466 648 1520 earo
671 1445 739 1509 utra
763 1444 962 1508 maaliabalo
987 1445 1162 1527 castellone,
1185 1466 1267 1528 quae

121 1553 198 1614 sunt
221 1554 355 1616 eruntne
378 1552 411 1616 in
434 1551 542 1616 Gallis
565 1552 610 1615 eis
634 1550 760 1634 Alpeis‚
780 1553 785 1625 1
806 1554 942 1633 petetur,
964 1550 1090 1634 quodue
1113 1573 1211 1634 quom
1230 1573 1267 1615 eo

121 1662 245 1741 egetur,
268 1679 423 1740 quaeres
446 1681 511 1722 non
540 1658 643 1742 pluris
666 1656 722 1722 Hs
743 1639 806 1721 iii
826 1658 895 1742 erit,
919 1661 951 1721 et
974 1657 1020 1720 sei
1041 1657 1046 1733 Ι
1066 1677 1105 1721 θα
1127 1679 1177 1722 res
1197 1659 1268 1740 erit,

120 1764 160 1826 de
188 1785 251 1848 que
279 1785 313 1827 re
342 1765 448 1829 omnei
478 1766 613 1848 pecunia
641 1764 706 1828 ibei
734 1764 784 1828 ius
813 1764 912 1828 deieei
936 1763 1095 1829 iudiciaue
1118 1763 1205 1829 darei
1229 1787 1267 1828 ex

120 1870 181 1935 hac
202 1871 264 1954 lepe
286 1871 315 1950 d.
339 1872 518 1954 oportebit!
539 1873 585 1936 sei
607 1873 636 1935 is
659 1893 731 1935 eam
750 1894 828 1954 rem,
851 1893 933 1955 quae
956 1871 1004 1935 its·
1022 1872 1062 1934 ab
1083 1892 1121 1935 eo
1140 1874 1269 1955 petetur

60 1997 101 2045 30
120 1977 200 2041 deue
231 1998 270 2040 θα
296 1998 331 2040 re
359 1999 431 2043 cum
461 2000 497 2042 eo
522 1983 650 2064 egetur,
677 1979 706 2042 ei
736 1979 809 2062 quei
837 2000 908 2042 eam
928 1977 933 2057 Ι
953 1980 1044 2062 petet
1070 1977 1149 2042 deae
1173 2000 1211 2041 θα
1233 1999 1268 2040 re

121 2081 204 2167 agei,
228 2087 285 2148 eut
308 2083 350 2148 iei
369 2085 485 2169 quoius
504 2085 635 2149 nomine
655 2085 695 2149 ab
715 2107 752 2149 eo
772 2074 901 2168 petetu‘r
920 2105 1058 2168 quamue
1078 2107 1116 2149 eo
1136 2081 1269 2170 ageltur,

121 2190 155 2253 in
183 2190 252 2254 iure
281 2191 364 2275 apud
396 2213 486 2272 eum,
519 2192 593 2276 quei
625 2191 690 2256 ibei
723 2192 802 2256 iuret
834 2192 981 2256 deira-ado
1013 2192 1162 2275 praeerit,
1195 2189 1269 2252 dare

121 2317 226 2375 θαθθνθ
252 2301 409 2380 praestare
431 2299 644 2363 restituereue
672 2303 820 2382 oportere
847 2301 902 2362 aut
923 2301 928 2376 Ι
949 2320 983 2362 se
1003 2299 1131 2381 debere,
1158 2297 1295 2361 eiusues

121 2426 193 2468 eam
227 2424 295 2468 rem
337 2426 407 2469 esse
440 2409 497 2469 aut
529 2428 563 2470 se
584 2428 667 2470 eam
703 2407 839 2489 habere,
873 2428 985 2470 eemue
1019 2428 1088 2471 rem
1120 2405 1269 2488 detque

121 2514 278 2595 arguetur
305 2534 340 2576 se
367 2512 482 2577 fecisse
511 2512 735 2597 obligatumue
765 2535 799 2577 se
827 2513 895 2576 eius
922 2513 968 2577 rei
996 2513 1170 2577 noxsiaeue
1199 2531 1268 2575 esse

122 2613 298 2703 confestsus
329 2618 391 2682 erit
418 2618 627 2702 deixseritue,
659 2641 762 2704 neque
791 2620 827 2683 de
857 2641 896 2683 θα
922 2641 955 2683 re
983 2621 1062 2685 satis
1086 2619 1152 2683 utei
1176 2639 1269 2701 opor·
1334 2615 1336 2619 ’

63 2744 100 2793 35
120 2724 207 2788 tebit
229 2723 336 2807 faciet,
360 2730 417 2788 aut
443 2724 489 2789 sei
514 2723 729 2812 spontsionem
753 2727 841 2791 fierei
866 2727 1039 2811 oportebit,
1064 2725 1268 2810 sponsionem

121 2852 189 2894 non
219 2831 330 2915 faciet,
362 2853 429 2897 non
462 2833 626 2916 restituet,
646 2837 650 2911 Ι
671 2854 773 2917 neque
803 2855 836 2897 se
865 2833 982 2898 iudicio
1010 2834 1077 2897 utei
1107 2832 1270 2916 oportebit

122 2937 287 3021 defendet,
317 2942 374 3002 eut
398 2939 444 3003 sei
468 2937 503 3002 de
527 2960 565 3002 ea
589 2940 676 3004 rein
699 2939 896 3016 iuretnihil
919 2940 1134 3024 responderit,
1166 2961 1270 3025 neque

122 3044 160 3108 de
183 3065 222 3108 θα
244 3065 277 3108 re
304 3066 338 3108 se
366 3044 483 3109 iudicio
512 3045 578 3109 utei
606 3046 769 3130 oportebit
798 3046 959 3111 defendet:
980 3047 984 3129 Ι
1004 3050 1074 3111 tum
1106 3047 1143 3111 de
1172 3069 1224 3131 eo,
1251 3071 1271 3113 α

123 3172 188 3235 qno
213 3172 251 3215 θα
274 3172 326 3215 res
349 3151 397 3215 ita
419 3154 548 3235 petetur
571 3175 709 3237 quomue
734 3175 771 3217 eo
795 3154 831 3217 de
850 3175 888 3218 ea
906 3175 938 3217 re
955 3153 1003 3218 ita
1022 3158 1145 3239 agetur,
1169 3155 1270 3239 deque

125 3257 129 3341 ξ
155 3281 194 3323 eo
218 3258 294 3341 quoi
324 3280 393 3323 eam
424 3282 493 3323 rem
521 3261 608 3325 darei
634 3261 722 3324 fieret
745 3263 915 3345 praestaret
938 3262 1066 3326 restitui
1090 3261 1212 3327 satisne
1235 3261 1271 3326 da

64 3384 101 3431 ⁴0
123 3387 163 3431 ea
186 3388 218 3432 re
239 3367 327 3431 fierei
351 3367 549 3451 oportebit!
571 3370 700 3451 siremps
722 3369 771 3433 lea
793 3391 840 3434 res
862 3369 912 3434 ias
935 3390 1106 3454 carassaqaa
1129 3367 1271 3434 omnibus

122 3476 265 3540 orn-aiam
287 3495 391 3538 reram
414 3478 486 3552 esto,
510 3478 607 3559 atque
630 3475 695 3540 atei
721 3477 807 3539 esset
830 3497 941 3541 esseue
965 3479 1140 3561 oporteret,
1164 3476 1210 3540 sei
1233 3476 1271 3558 is,

122 3581 197 3664 quei
219 3581 267 3645 ita
287 3580 292 3663 Ι
312 3580 387 3664 quid
411 3602 520 3644 earnm
544 3604 651 3646 rerum
675 3581 841 3647 confessus
866 3582 926 3646 erit
950 3588 1007 3648 aut
1029 3584 1065 3648 de
1092 3605 1130 3648 θα
1152 3605 1184 3648 re
1206 3606 1271 3648 non
1305 3614 1308 3619 ·

121 3686 327 3770 responderit
356 3690 480 3773 nequet
500 3709 535 3752 se
567 3687 684 3753 iudicio
717 3689 782 3753 utei
818 3689 982 3772 oportebit
1009 3691 1200 3774 defenderit,
1233 3691 1271 3754 de

121 3795 182 3858 ieis
204 3793 302 3857 rebus
326 3791 447 3857 Romae
471 3792 556 3876 apud
580 3799 757 3878 praetorem,
778 3800 783 3875 t
804 3817 917 3858 eumue
941 3799 1014 3879 quei
1039 3797 1076 3860 de
1096 3798 1155 3861 ieis
1174 3798 1271 3861 rebus

122 3901 246 3966 Romae
273 3900 352 3963 irrrei
374 3900 521 3964 deierando
543 3907 718 3984 praeesset,
746 3903 778 3965 in
802 3902 871 3966 iure
895 3902 1060 3967 coufessus
1085 3907 1171 3967 esset
1190 3903 1194 3984 t
1216 3908 1272 3967 aut

121 4008 189 4074 ibei
221 3998 261 4073 de*
290 4028 329 4072 ea
356 4027 388 4071 re
414 4006 496 4071 nihil
525 4008 743 4092 respondisset
774 4011 830 4071 aut
860 4007 979 4073 iudicio
1009 4031 1042 4073 se
1070 4032 1136 4074 non
1165 4009 1270 4075 defen-

63 4140 99 4187 45
120 4117 241 4180 disset:
261 4115 266 4198 Ι
287 4119 482 4199 praetorque,
510 4115 579 4179 isue
607 4115 681 4199 quei
709 4115 745 4178 de
769 4116 829 4179 eris
852 4114 938 4179 rebus
961 4115 1084 4179 Romae
1108 4116 1187 4181 iarai
1210 4117 1270 4182 dei·

196 4368 230 4416 αθ
249 4361 309 4416 fora
385 4368 420 4417 28
439 4362 495 4434 leye
514 4362 650 4432 oportebit
730 4367 764 4415 30
783 4362 849 4431 eget
925 4366 957 4418 31
977 4360 1065 4419 facere
1141 4367 1176 4419 34
1194 4362 1268 4418 deir-

121 4450 246 4520 seritque
