3048 5144
305 359 377 430 156.
576 375 797 424 norvanum
823 375 1062 424 cinomanica
1086 377 1177 424 rnre.

301 519 488 604 pervarias
518 518 704 602 disputandi
733 519 918 584 occasiones
947 540 1045 602 supra
1073 519 1235 584 admonui.
1280 519 1351 596 Quo
1383 541 1465 604 per·

301 627 385 691 tinet
416 625 559 690 adiectae
591 625 625 688 in
657 626 720 691 fine
759 626 989 692 vocabulorum
1021 648 1053 692 m
1084 625 1215 692 litterae
1252 625 1466 692 constantia:

302 755 399 818 qnam
422 753 500 798 sanc
523 755 589 798 non
613 733 720 816 potuit
742 733 807 797 iam
832 738 908 798 ante
925 733 1060 798 Accium
1083 755 1148 798 non
1168 738 1283 818 suopte
1302 735 1464 818 exemplo

300 840 424 905 Ennius
448 839 684 926 commendare,
712 863 807 924 quem
836 841 914 905 item
944 841 984 904 ad
1009 841 1235 906 stabiliendam
1262 842 1464 925 grammati·

301 969 371 1011 cam
394 946 480 1011 haud
502 946 648 1030 paullum
671 945 846 1011 contulisse
870 946 950 1011 alibi
974 946 1169 1032 significavi,
1202 947 1258 1012 scd
1281 951 1396 1012 tamen
1423 955 1464 1012 ut

301 1054 463 1119 communi
487 1075 547 1118 usu
564 1054 762 1138 reciperetur
777 1052 894 1118 Accius
913 1052 1040 1118 demum
1061 1055 1206 1119 effecisse
1224 1054 1361 1120 videtur.
1392 1052 1461 1119 cui

301 1161 471 1226 consimile
494 1161 556 1226 boc
575 1161 743 1246 estquod,
766 1161 828 1225 etsi
846 1161 1091 1226 consonantium
1109 1161 1365 1247 geminationem
1387 1163 1462 1226 iam

300 1265 443 1331 Ennium
470 1267 674 1352 praecepisse
702 1289 774 1331 cum
801 1268 886 1332 ratic
915 1268 1025 1353 arguit
1051 1272 1121 1332 tum
1149 1268 1338 1334 testimonia
1362 1269 1461 1334 evin-

301 1377 390 1456 cunt,
414 1374 611 1457 eandemque
639 1395 771 1457 prorsus
800 1377 1053 1439 consentaneum
1083 1378 1134 1439 cst
1158 1372 1292 1439 Accium
1321 1397 1461 1460 quoque

302 1481 455 1564 suasisse,
478 1484 589 1544 tamen
612 1479 645 1544 in
669 1479 781 1544 eadem
804 1484 841 1544 ut
861 1481 985 1546 conicio
1004 1481 1057 1545 via
1075 1501 1285 1564 perseverans
1304 1479 1459 1546 Lucilius

301 1586 428 1650 denium
453 1591 565 1651 contra
589 1586 653 1650 vim
677 1585 813 1650 inertiae
836 1591 965 1653 tantum
984 1587 1100 1672 valuit,
1124 1591 1244 1652 utnon
1263 1589 1459 1672 geminandi

301 1692 498 1758 consuetudo
531 1692 628 1775 plane
665 1693 863 1758 aboleretur:
900 1693 933 1757 in
965 1693 1049 1759 hanc
1087 1695 1172 1760 enim
1205 1699 1334 1780 partem
1372 1695 1458 1761 illud

301 1800 510 1884 interpretor,
539 1801 624 1884 quod
646 1822 712 1865 non
735 1803 810 1865 ante
834 1821 955 1865 annum
979 1801 1045 1866 640
1073 1806 1225 1867 constans
1254 1823 1325 1867 esse
1348 1804 1458 1888 gemi-

301 1907 393 1972 natio
417 1906 677 1992 deprehenditur.
722 1907 858 1972 Pcssum
881 1908 1023 1972 eiusdem
1043 1908 1132 1973 Accii
1156 1908 1344 1974 auctoritati
1369 1910 1457 1975 alias

302 2012 457 2098 quasdam
481 2014 678 2080 mutationes
702 2014 863 2098 probabili
884 2014 1072 2080 coniectura
1090 2015 1245 2080 tribuere:
1269 2015 1360 2080 velut
1383 2039 1456 2082 non

302 2121 343 2185 ab
367 2120 445 2204 alio,
471 2121 535 2184 nisi
563 2120 674 2205 fallor,
705 2122 850 2206 profecta
873 2125 923 2186 est
945 2118 1040 2197 QVM
1064 2120 1184 2197 QVRA
1211 2120 1353 2197 PEQVS
1379 2123 1455 2188 PE·

302 2225 443 2304 QVNIA
471 2225 728 2303 PuQVLA'le
760 2227 938 2312 scripturae
971 2228 1005 2292 in
1036 2227 1103 2292 illis
1137 2229 1355 2294 monumentis
1386 2230 1456 2296 fre-

262 2334 436 2418 sequentia
460 2355 542 2418 quae
565 2335 713 2415 insecuto,
737 2357 857 2400 annum
876 2334 942 2399 620
965 2339 1073 2399 aetate
1096 2335 1183 2401 facta
1206 2340 1289 2401 sunt.
1323 2335 1387 2402 Sed
1410 2337 1455 2402 de

301 2441 367 2525 his,
396 2463 468 2507 cum
491 2441 633 2507 breviter
654 2463 720 2508 non
744 2442 862 2526 possit,
892 2463 956 2507 non
980 2445 1089 2526 potest
1111 2442 1145 2507 in
1167 2443 1352 2526 praesentia
1375 2443 1455 2510 diei.

301 2548 410 2612 Vnum
433 2569 549 2632 operae
572 2548 713 2631 pretium
741 2551 792 2612 est
821 2569 985 2632 quaerere:
1018 2571 1096 2613 num
1122 2571 1188 2614 non
1211 2551 1245 2614 in
1268 2549 1454 2633 scripturae

300 2661 439 2738 tantum,
463 2654 637 2720 sedetiam
662 2655 695 2718 in
718 2654 896 2718 formarum
920 2655 1100 2721 mutatione
1124 2659 1217 2720 tanta
1238 2657 1287 2720 vis
1310 2656 1392 2720 artis
1417 2661 1455 2722 et

300 2761 492 2847 disciplinae
515 2760 660 2825 efficacia
681 2761 782 2825 fuisse
805 2760 965 2848 videatur,
987 2763 1064 2828 hinc
1088 2765 1124 2826 ut
1141 2762 1244 2846 ipsius
1263 2762 1350 2826 vitae
1369 2783 1452 2829 usus

301 2869 371 2952 regi
399 2869 544 2952 potuisse
572 2867 728 2932 credatur.
779 2867 870 2944 Quod
900 2869 955 2953 qui
987 2869 1191 2952 concesserit,
1223 2868 1360 2933 habebit
1391 2871 1452 2952 qui

301 2973 381 3038 illud
410 2995 479 3038 esso
507 2975 629 3038 factum
657 2973 758 3058 dicat,
792 2975 877 3059 quod
905 2997 962 3058 per
990 2975 1121 3059 aliquod
1148 2980 1276 3059 tempus
1303 2975 1452 3040 abolitas

300 3079 452 3146 HANOE
481 3078 601 3145 HACE
633 3081 755 3146 formas
783 3081 965 3166 bisyllabas
993 3082 1098 3147 denuo
1122 3080 1280 3166 prodiisse
1308 3085 1341 3146 ct
1363 3086 1451 3147 tam-

301 3209 398 3273 quam
423 3187 567 3271 erupisse
590 3187 674 3253 circa
698 3210 818 3253 annum
841 3188 906 3254 620
929 3211 1029 3272 supra
1050 3188 1198 3254 vidimus.
1229 3188 1303 3272 Ego
1326 3189 1360 3252 in
1384 3189 1450 3255 hac

301 3317 427 3379 quoque
451 3317 484 3359 re
508 3293 599 3359 dccii
623 3293 780 3378 quasdam
807 3298 916 3378 partes
939 3295 1040 3359 fuisse
1069 3316 1130 3359 nec
1152 3293 1321 3359 affirmabo
1345 3297 1451 3361 conli-

301 3401 413 3465 denter
434 3423 493 3466 nec
516 3400 712 3486 pertinacius
736 3400 848 3486 negari
871 3401 986 3485 patiar.

389 3504 464 3572 Non
492 3508 687 3592 pertinuisse
722 3507 762 3572 ad
792 3508 806 3572 i
838 3508 981 3572 vocalem
1009 3507 1195 3593 geminandi
1222 3528 1331 3591 usum,
1363 3509 1449 3573 satis

300 3616 504 3698 perspectum
528 3617 591 3679 est:
620 3614 675 3678 sed
703 3614 788 3678 idem
810 3618 934 3693 tamen,
962 3615 1109 3698 quamvis
1133 3614 1314 3679 tacentibus
1338 3635 1448 3700 gram·

301 3719 442 3803 maticis,
473 3743 513 3785 nc
546 3719 587 3785 ad
620 3721 760 3805 reliquas
793 3721 922 3804 quidem
956 3741 1067 3786 omnes
1099 3721 1262 3804 pertinuit
1316 3719 1447 3806 Inspice

301 3827 449 3912 exempla
476 3849 573 3913 supra
600 3826 793 3911 composita:
822 3825 882 3890 An
898 3807 965 3891 'En
988 3825 1051 3890 VV
1074 3827 1234 3892 vocalium
1256 3828 1345 3893 vides
1374 3851 1447 3894 csse

301 3935 427 4018 omnia,
453 3933 509 4000 00
541 3934 719 4017 scripturae
751 3935 847 4017 plane
879 3935 1013 3999 nullum.
1060 3933 1157 3999 Cuius
1190 3935 1234 3998 rei
1264 3935 1375 4000 nescio
1404 3957 1446 4002 an

299 4063 365 4104 non
392 4040 496 4104 lateat
522 4062 646 4104 caussa.
690 4039 766 4104 Dixi
799 4062 897 4123 supra
924 4039 962 4103 de
991 4039 1172 4106 tralaticiae
1199 4041 1232 4106 vi
1259 4043 1447 4128 memoriae,

301 4169 382 4231 quae
406 4151 500 4213 tanta
522 4147 585 4212 fuit
608 4151 658 4231 ut,
687 4169 760 4212 cum
787 4147 833 4212 ΕΙ
862 4147 960 4212 scribi
991 4146 1107 4216 Accius
1130 4149 1256 4215 iuberet
1283 4148 1446 4214 maiorum

301 4253 463 4338 exemplo,
495 4256 625 4337 praeter
652 4255 834 4337 exemplum
862 4253 1022 4319 maiorum
1050 4254 1209 4338 geminari
1236 4258 1361 4319 ceteras
1390 4277 1445 4319 vo·

301 4361 397 4442 cales,
420 4359 500 4425 illud
523 4364 728 4442 permaneret
750 4360 941 4446 diutissime,
964 4361 1027 4426 boc
1050 4381 1108 4425 nec
1132 4361 1212 4426 satis
1231 4361 1446 4426 increbresce-

300 4469 350 4532 ret
368 4485 428 4529 nec
450 4465 648 4549 perduraret.
694 4467 817 4532 Verum
840 4467 926 4552 quod
949 4489 1014 4532 non
1037 4467 1196 4533 maiorum
1218 4467 1272 4532 illc
1296 4468 1444 4552 exemplo
