2948 5048
486 358 742 404 conuaurfflo
766 357 881 404 Paion.
1187 340 1245 402 191

54 498 400 565 restaurandam
436 499 545 584 ibique
578 500 797 564 collocandam
834 499 960 562 curavit
995 498 1051 560 ubi
1087 498 1249 580 praesenti

53 610 251 690 tempore
276 604 483 689 conspicitur,
511 604 552 668 ad
579 606 744 670 exordium
772 605 841 669 sive
868 604 981 687 pedem
1011 603 1167 687 graduum
1194 627 1249 687 pa·

53 712 171 777 latii
202 710 413 779 Domiuorum
437 710 708 778 Conservatorum
737 712 771 776 in
794 710 957 795 Capitolio
981 709 1138 793 Romano,
1168 716 1249 775 tam-

53 840 206 901 quarn
231 842 300 885 rem
327 820 502 903 pretiosam
531 821 580 884 uti
608 842 718 885 revera
749 817 820 884 est'
867 818 954 894 Quae
982 818 1080 881 verba
1109 818 1135 881 si
1165 822 1250 882 recte

53 922 311 1011 interpretor,
333 926 406 1010 ipsa
429 926 558 1011 quidem
581 927 694 991 tabula
717 927 780 991 iam
805 926 1035 991 reconcinnata
1061 925 1119 988 illa
1142 929 1249 990 aetate

54 1036 193 1116 erat,
213 1034 268 1098 sed
291 1033 403 1098 eadem
427 1032 569 1099 noudum
589 1032 759 1097 coniuncta
778 1054 850 1097 cum
869 1053 979 1096 recens
998 1032 1086 1095 facta
1105 1032 1250 1095 columna

55 1134 166 1221 illa,
209 1162 345 1224 quacum
373 1139 554 1224 composita
582 1144 633 1203 est
658 1139 763 1203 hodie.
810 1138 1010 1221 Quamquam
1038 1139 1248 1221 inpromptu

56 1244 129 1309 est
179 1267 240 1311 cur
266 1268 339 1311 cum
367 1245 562 1311 confidentia
589 1245 724 1310 iudicari
752 1248 896 1329 nequeat.
927 1282 965 1291 -
995 1242 1146 1309 Ceterum
1170 1243 1250 1308 Goz-

58 1344 202 1417 zima
223 1353 445 1437 supplementa
472 1354 671 1417 transierunt
696 1353 731 1417 in
761 1352 974 1417 Alexandri
1002 1350 1144 1416 Donati
1172 1349 1249 1414 ‘Ro-

62 1470 170 1519 mae
202 1460 319 1526 vetaris
342 1482 380 1525 ac
403 1459 554 1524 recentis'
578 1459 735 1524 editiones
754 1460 921 1544 plurimas,
944 1460 1042 1524 etiam
1061 1481 1133 1522 eam
1152 1450 1287 1544 quamn

64 1553 108 1617 iu
126 1558 309 1630 Thesauri
328 1567 429 1650 antiq.
448 1569 471 1630 t
489 1565 540 1631 III
559 1567 688 1650 paravit
701 1566 868 1649 Graevius,
891 1591 921 1650 p.
936 1568 1014 1631 587:
1037 1566 1249 1631 falsissimum

67 1665 132 1727 ‘St
170 1672 263 1737 enim
286 1672 372 1757 quod
396 1673 442 1737 ibi
465 1674 688 1756 praemittitur
716 1673 898 1757 ‘Inscriptio
927 1675 960 1738 iu
986 1673 1058 1737 basi
1082 1673 1250 1737 columnae

69 1775 264 1844 rostratae
288 1801 308 1843 a
329 1778 445 1843 Petro
469 1776 653 1844 Ciacouio
678 1780 847 1863 suppleta'

193 1884 315 1951 Eodem
352 1906 436 1950 auno
471 1902 680 1953 clomcxxxv
718 1886 802 1969 quod
837 1886 969 1951 eandem
1007 1887 1249 1970 inscriptionem

75 1971 264 2056 ‘Rvnavn
287 1989 446 2056 celebrem
468 1990 587 2056 Italum
610 1992 806 2057 exhibuisse'
824 1991 984 2057 Funccius
1008 1993 1028 2055 l.
1048 2015 1071 2056 s.
1091 2015 1116 2059 s.
1138 2015 1169 2075 p.
1186 1994 1247 2057 117

79 2082 216 2181 lrudit,
238 2097 347 2162 nescio
371 2097 518 2181 equidem
542 2120 606 2184 quo
631 2102 663 2162 et
686 2100 775 2184 quali
801 2099 834 2163 id
856 2101 940 2165 libro
964 2099 1085 2164 factum
1109 2100 1167 2165 sit:
1191 2122 1249 2164 uec

84 2202 223 2286 magis,
252 2225 348 2288 quem
373 2226 389 2267 e
412 2204 513 2269 claris
541 2227 579 2270 co
602 2206 734 2270 nominc
756 2205 849 2271 ltalis
877 2207 975 2290 dicat,
1008 2207 1153 2271 corricerc
1175 2229 1249 2290 pos·

87 2310 183 2371 ⁸⁰111.
229 2306 292 2374 Sed
316 2308 400 2374 alius
423 2314 527 2375 restat
551 2312 605 2396 qui
633 2313 692 2377 illo
716 2313 844 2377 sacculo
871 2313 953 2377 bene
983 2314 1021 2376 de
1050 2313 1111 2378 hoc
1140 2334 1250 2378 monu-

88 2414 214 2480 mento
230 2417 397 2499 meruerit,
419 2417 546 2483 Eurus
569 2417 863 2485 Bonnauimvs:
886 2421 975 2483 cuius
995 2442 1091 2484 manu
1112 2421 1249 2503 scriptas

89 2496 410 2587 ‘animadversiones
435 2522 475 2586 ad
494 2522 633 2587 Nardiui
656 2524 694 2589 de
713 2524 819 2590 Roma
842 2530 950 2590 vetere
973 2526 1249 2608 commentarium,

89 2610 134 2721 id
162 2645 261 2711 quem
287 2629 396 2713 exegit
423 2629 532 2693 omnia
552 2627 651 2694 Vrbis
675 2631 747 2695 loca
770 2653 842 2696 cum
866 2632 956 2696 illam
979 2632 1192 2714 perlustraret
1214 2633 1247 2695 iu

88 2718 217 2800 ltillene
245 2735 363 2801 Italico
396 2739 429 2799 et
460 2757 615 2820 perquam
649 2735 821 2821 diligenter
854 2738 963 2801 omnia
989 2736 1181 2821 rimaretur',
1214 2737 1249 2802 iu

87 2834 303 2907 praefatione
326 2842 407 2904 tomi
431 2839 478 2903 lv
502 2840 662 2906 Thesauri
686 2844 784 2927 antiq.
808 2843 998 2939 blraerius
1022 2844 1138 2926 posuit.
1183 2843 1248 2908 Vbi

85 2940 289 3139 idalii.
305 2948 631 3139 ltqlllldti
659 2953 913 3120 lltllll
927 2949 1113 3119 dssllll
1135 2951 1247 3121 lid

81 3128 221 3246 l’ahffi
235 3157 507 3225 conservatorum
528 3162 562 3225 iu
578 3159 742 3245 Capitolio
762 3162 801 3226 ad
821 3163 918 3225 inuam
938 3162 1058 3225 scalam
1078 3184 1097 3225 a
1116 3163 1248 3227 sinistra

78 3255 117 3305 ¹¹¹
151 3249 307 3350 introitu,
331 3289 404 3331 cum
428 3267 638 3350 inscriptione
660 3270 694 3332 iu
714 3270 781 3333 eius
801 3268 886 3351 basi,
910 3266 966 3331 sed
986 3268 1078 3334 valde
1097 3270 1247 3334 mutilam

77 3348 117 3409 et
148 3360 389 3457 imperfectam.
435 3372 497 3438 Est
520 3374 579 3438 illa
603 3374 752 3439 columna
775 3375 944 3457 Duiliaua‚
974 3397 1037 3459 qua
1060 3375 1099 3440 de
1122 3398 1247 3441 mecum

74 3460 164 3539 ‘git
190 3478 408 3564 'l'auaquillus
436 3479 541 3545 Faber
568 3481 602 3544 in
631 3482 770 3565 epistola
793 3482 836 3545 32
869 3482 945 3545 libri
969 3480 1000 3543 ΙΙ
1029 3484 1248 3567 epistolarum,

74 3554 151 3634 ubi
188 3590 224 3651 et
251 3586 334 3651 mibi
364 3587 567 3652 commendat
599 3589 698 3653 aliam
731 3590 988 3673 inscriptionem,
1021 3612 1102 3674 quae
1135 3589 1245 3655 eodem

99 3766 111 3783 ·
139 3700 163 3741 θ
188 3695 337 3777 tempore
359 3692 424 3758 fuit
446 3693 600 3760 dedicata.
634 3694 820 3761 Gassendus
840 3697 984 3781 loquitur
1003 3696 1042 3760 de
1060 3700 1195 3779 utraque
1214 3696 1248 3759 in

74 3778 168 3851 '¹¹²²
192 3797 347 3863 Peirescii
371 3799 410 3863 ad
434 3822 554 3864 annum
582 3817 639 3868 clo
663 3802 789 3867 nrixvff
836 3804 982 3887 Adposui
1005 3803 1085 3867 haec
1108 3806 1160 3885 ut,
1184 3824 1246 3885 quo

76 3866 166 3956 fert&
189 3906 336 3989 tempora
359 3904 691 3970 Itomae'Boluerellus
715 3910 967 3992 peregrinarum,
991 3906 1247 3991 intellegeretur:

12 4086 15 4093 Ι
79 3998 179 4067 ¹¹²¹ss
192 4008 289 4077 Fabri
312 4012 372 4077 illa
394 4011 535 4096 epistula
559 4013 644 4077 inter
667 4036 720 4079 aas
745 4016 914 4079 conlocata
933 4019 983 4079 est
1002 4012 1090 4098 (edit.
1110 4011 1247 4077 Salmnr.

84 4104 121 4153 ⁸·
162 4124 383 4184 croiacuxxiv
414 4122 438 4183 t.
466 4117 497 4181 ΙΙ
529 4140 560 4201 p.
585 4120 627 4183 82
647 4120 730 4207 sqq.)
763 4145 845 4206 quoe
878 4125 953 4186 sunt
986 4144 1012 4184 a.
1042 4137 1244 4185 ororoouxm

91 4211 250 4301 ’Ἥρω
295 4224 386 4308 Ergo
410 4228 479 4288 tum
503 4224 618 4288 saltem
649 4226 713 4290 iam
738 4227 909 4292 coniuncta
937 4227 1000 4290 fuit
1027 4249 1099 4291 oum
1126 4227 1247 4290 recenti

99 4310 250 4421 e{nunna
271 4335 366 4397 vetus
389 4330 502 4395 tabula
524 4332 670 4397 litterata
692 4355 730 4398 eo
754 4356 816 4416 quo
842 4334 937 4398 hodie
961 4337 1067 4400 exstat
1090 4335 1247 4417 exemplo,

10 4406 25 4536 i
107 4423 140 4473 ⁸¹
174 4435 257 4501 uodo
285 4434 397 4500 Goaaii
425 4439 531 4500 aetate
566 4437 595 4500 id
628 4438 769 4503 nondum
803 4462 873 4504 esse
901 4440 1023 4504 factum
1058 4440 1245 4505 credideris:
