3074 5138
318 377 383 440 448
429 393 480 452 ua
501 393 767 442 naculurmoua
791 393 936 452 ovinam
958 391 1088 439 aarum
1111 389 1383 439 aeconomum..

318 532 490 599 Ἀνάλεκτα
513 531 629 621 (1872)
651 535 719 615 τόμ.
744 538 769 600 Α
791 557 822 618 p.
842 535 931 616 387}
975 531 1098 599 Contra
1117 534 1311 617 antiquioris
1334 533 1457 617 linguae
1524 541 1525 596 ι

318 641 491 726 vestigium
516 641 632 706 inille
656 641 1044 728 declinnionerelictum
1062 641 1198 706 Rossius
1221 640 1360 724 putabat
1383 640 1456 704 eius·
1524 657 1525 662 ’

317 769 377 831 que
406 749 586 814 sententiae
614 770 780 814 suasorem
809 748 941 813 eundem
967 747 1058 813 illum
1083 747 1220 814 (lorsam
1249 746 1378 813 habuit:
1410 747 1457 830 qui

290 871 389 919 ⁵cum
414 856 434 921 l.
450 880 473 920 s.
488 879 513 922 s.
536 860 607 934 tum
630 855 702 920 adn.
725 856 760 919 in
779 855 947 919 Plutarchi
961 854 1116 920 Πολιτικά
1130 877 1160 938 p.
1173 854 1236 919 153
1257 859 1291 918 et
1310 854 1345 918 in
1366 854 1456 918 vitam

317 958 435 1025 Thesei
457 983 488 1045 p.
507 961 572 1026 364
598 983 667 1026 non
694 966 823 1026 tantum
848 983 864 1024 e
887 960 1076 1042 Plutarchia
1107 964 1213 1025 aetate
1247 960 1457 1025 breviaturum
1524 1009 1525 1014 ι

317 1067 495 1132 formarum
515 1067 647 1134 illarum
666 1092 759 1134 usum
783 1069 915 1153 repetiit
936 1067 1090 1152 exemplis
1110 1067 1244 1133 adscitis
1259 1069 1371 1133 Σθένις
1388 1069 1456 1132 Σθὲ-
1524 1075 1525 1104 ¹

198 1187 200 1192 ’
317 1193 393 1254 νιος,
418 1173 531 1253 Βάκχις
552 1174 685 1254 Βάκχιος
704 1177 881 1256 nominum,
904 1173 960 1238 sed
983 1172 1120 1238 eundem
1144 1175 1185 1238 ad
1204 1173 1457 1258 antiquissimam
1524 1251 1525 1276 ,

317 1283 460 1345 aetatem
477 1280 686 1346 Homericam
709 1281 836 1346 rettulit
861 1280 977 1360 Χρόμις
1003 1279 1139 1358 Χρόμιος
1163 1280 1344 1345 formarum
1367 1281 1457 1344 varie
1524 1279 1525 1338 1

316 1387 418 1449 tatem
442 1387 633 1452 antestatus.
661 1384 761 1451 Cuius
785 1385 931 1471 vestigiis
950 1385 1140 1451 insistentes
1155 1383 1353 1451 Latronnius
1372 1389 1457 1469 atque
1524 1417 1525 1420 ¹

316 1489 442 1557 Keilius
471 1493 582 1558 affinia
611 1493 803 1558 addiderunt
832 1493 977 1572 Νύμφιος
1008 1493 1146 1572 Νύμφις,
1179 1491 1318 1573 Ἄμφιος
1341 1492 1456 1572 Ἄμφις,
1524 1499 1525 1502 ’

317 1599 439 1679 Δήμιος
463 1601 579 1680 Δᾶμις,
606 1602 790 1679 Πολύμνιος
812 1599 976 1677 Πόλυμνις
1000 1599 1190 1681 [potuerunt
1213 1599 1315 1664 etiam
1334 1599 1457 1665 Λούκιος

317 1703 443 1770 Λοῦκις;
476 1707 515 1771 of.
539 1707 643 1772 Musei
670 1707 774 1772 Rhen.
797 1705 876 1771 XIX
902 1729 933 1790 p.
957 1705 1023 1770 250
1051 1693 1124 1770 adn.
1147 1704 1191 1785 2].
1242 1704 1366 1770 Verum
1392 1705 1457 1770 huic
1524 1689 1525 1692 Ἴ

316 1810 558 1880 ratiocinationi
591 1813 777 1878 admirabili
809 1835 873 1896 qua
904 1811 1009 1896 pollet
1040 1811 1188 1877 doctrina
1216 1810 1397 1876 Lobeckius
1419 1847 1453 1859 -
1524 1827 1525 1898 ξ

317 1919 415 1996 μέγας
435 1920 611 1999 μεγαλωςτί
630 1957 665 1966 -
684 1919 874 1984 adversatus
888 1917 1015 1983 Pathol.
1032 1941 1125 1984 serm.
1142 1918 1196 1984 Gr.
1214 1919 1455 2005 prolegomenon

316 2047 347 2109 p.
366 2025 432 2090 500
450 2047 518 2110 sqq.
543 2027 605 2092 etsi
629 2025 662 2090 in
686 2048 724 2091 eo
748 2048 819 2092 esse
842 2026 962 2090 nimius
982 2025 1118 2109 videtur,
1141 2024 1227 2110 quod
1247 2026 1282 2090 in
1301 2025 1454 2111 lapidibus
1524 2105 1525 2108 Ἴ

316 2130 446 2215 prodita
466 2131 611 2215 exempla
629 2132 747 2215 omnia,
766 2153 847 2216 quae
867 2130 1073 2196 manifestam
1093 2153 1171 2215 prae
1190 2153 1223 2196 se
1242 2131 1328 2197 ferre
1346 2131 1455 2217 plebeii
1524 2213 1525 2216 Ἴ

317 2239 474 2304 sermonis
499 2238 714 2322 corruptelam
738 2237 943 2323 pronuntiat,
965 2238 1026 2303 hili
1049 2261 1114 2303 non
1137 2238 1224 2322 facit,
1253 2244 1363 2304 tamen
1383 2237 1455 2303 illud
1524 2223 1525 2254 ³

316 2344 445 2409 facilius
464 2343 684 2428 persuadebit,
707 2345 786 2410 satis
805 2367 938 2410 caussae
962 2367 1026 2410 non
1050 2367 1121 2410 esse
1145 2368 1201 2410 cur
1223 2345 1328 2429 ipsius
1344 2347 1456 2426 Δήμιος

316 2449 442 2516 formae
470 2452 591 2516 vicaria
618 2451 777 2549 habeat—ur
799 2474 859 2517 nee
886 2452 948 2516 nisi
977 2452 1069 2517 illinc
1092 2452 1304 2536 potissimum
1333 2452 1456 2518 ducetur

316 2558 432 2642 Δῆμις,
461 2580 533 2623 οοιιι
556 2580 595 2623 ex
618 2581 682 2622 una
705 2563 767 2639 δημ
790 2560 891 2642 stirpe
916 2560 1065 2639 ολΔῆμις
1085 2563 1117 2621 et
1140 2559 1264 2637 Δήμιος
1288 2563 1322 2623 et
1342 2559 1455 2638 Δημίας

316 2668 350 2728 et
371 2666 502 2745 Δημέας
525 2666 659 2730 nomina
685 2667 780 2749 fiant,
812 2665 884 2748 pari
911 2670 944 2729 et
970 2664 1039 2729 iure
1068 2668 1101 2728 et
1129 2663 1289 2749 dignitate
1314 2666 1455 2746 omnium,

316 2771 395 2835 item
418 2775 455 2836 ut
477 2770 600 2838 Ἄλεξις
624 2769 763 2836 Ἀλεξίας
787 2770 925 2838 Ἀλέξιος
949 2771 1000 2835 vel
1019 2769 1183 2850 Πόλυμνις
1201 2771 1375 2852 Πόλυμνος
1396 2773 1453 2837 Πο·

318 2878 455 2956 λύμνιος.
483 2878 568 2944 Nam
590 2877 631 2941 ad
650 2899 688 2942 ea
706 2899 832 2961 quoque
852 2877 994 2960 nomina,
1017 2897 1099 2961 quac
1121 2879 1157 2940 in
1174 2881 1224 2942 ιἰῑς
1243 2883 1370 2962 exeunt,
1392 2899 1455 2942 ean·

318 2983 390 3048 dem
405 2984 444 3048 de
462 3007 526 3068 qua
543 2983 597 3048 hic
617 2989 871 3049 commentamur
890 2982 1145 3048 contractionem
1160 2983 1322 3049 vocalium
1339 2985 1455 3049 constat

300 3089 517 3172 ,Boeckhium
546 3113 618 3155 oum
641 3091 824 3188 pedisequis
855 3090 1078 3174 transtulisse,
1110 3090 1282 3157 titulorum
1312 3090 1453 3174 exemplis

317 3219 393 3262 usos
422 3196 584 3262 ΑΡΙΣῘΙΣ
616 3196 733 3263 ΙΠΠΙΣ
761 3196 899 3264 ΦΙΝΤΙΣ
929 3199 1044 3276 ΝΙΚΙΝ,
1080 3218 1288 3264 nummorum
1318 3192 1453 3277 ΣΩΣΙΣ,

317 3303 512 3388 scriptorum
535 3305 648 3370 Τέλλις
669 3306 767 3389 Τῑςις,
790 3305 877 3369 aliis:
901 3303 987 3388 quod
1010 3324 1110 3388 genus
1135 3303 1289 3388 quoniam
1314 3305 1354 3370 ad
1376 3301 1452 3369 Lati·

317 3434 375 3476 nas
394 3411 523 3476 litteras
542 3411 625 3474 nihil
643 3412 793 3496 pertinet,
815 3411 868 3474 hic
887 3409 1035 3494 tetigisse
1055 3409 1135 3474 satis
1155 3409 1322 3476 habemus.
1344 3411 1452 3476 Verum

318 3518 525 3603 quantumvis
549 3519 615 3583 acri
636 3517 790 3583 Lobeokii
814 3516 1035 3601 disputatione
1058 3517 1139 3581 illud
1162 3521 1271 3582 tamen
1296 3517 1452 3584 vehemen-

317 3630 539 3690 terreremur
563 3629 599 3688 ut
621 3625 770 3690 effectum
794 3625 846 3709 sit,
869 3627 1036 3688 uteorum
1057 3645 1192 3708 quoque,
1215 3645 1298 3708 quae
1322 3624 1390 3692 solo
1411 3627 1451 3686 ιὀς

317 3735 370 3796 ὧν
393 3735 426 3797 et
450 3738 478 3798 ι“ς
500 3733 531 3794 W
560 3731 761 3816 syllabarum
788 3730 972 3796 discrimine
1001 3729 1217 3814 eontinentur,
1243 3733 1340 3797 tanta
1366 3751 1452 3814 quan·

317 3842 384 3902 tam
409 3861 507 3922 supra
529 3837 750 3923 congessimus
774 3837 947 3903 multitudo
977 3836 1017 3901 ad
1045 3837 1180 3930 eandem
1208 3836 1368 3902 rationem
1388 3853 1450 3919 pro·

317 3943 472 4010 habiliter
500 3948 677 4010 revocetur.
727 3943 802 4008 Non
828 3943 934 4008 habeo
963 3943 1047 4027 quod
1076 3943 1193 4009 addam
1223 3942 1339 4009 fortius
1366 3961 1449 4027 quam

318 4050 413 4114 fidem
431 4050 464 4114 id
488 4071 651 4134 superare:
684 4050 756 4136 quis
786 4051 885 4134 enim,
913 4053 1085 4133 postquam
1115 4071 1174 4133 per
1203 4049 1308 4116 mults
1335 4047 1450 4115 saecula

311 4156 405 4237 ‚solas
437 4155 655 4222 Ἀπολλώνιος
683 4155 867 4236 Ἀςιςληπιός
899 4157 1081 4236 Δημήτριος
1114 4154 1309 4235 Φιλημάτιον
1340 4157 1448 4220 formas
1524 4229 1525 4238 ἵ

317 4263 429 4348 lingua
453 4267 485 4328 et
506 4265 643 4328 noverat
665 4267 698 4327 et
721 4263 929 4346 probaverat,
953 4260 1087 4326 eandem
1112 4261 1177 4326 iam
1200 4261 1449 4347 languescentem

304 4369 428 4456 ¹credat
451 4369 490 4433 ad
514 4370 632 4435 horum
654 4369 821 4434 nominum
845 4369 980 4451 stirpem
1003 4389 1166 4432 reversam
1185 4371 1351 4452 tamquam
1368 4362 1447 4436 novis
1524 4377 1525 4382 ’

317 4475 440 4540 viribus
465 4477 640 4560 assumptis
663 4498 764 4541 novas
788 4476 909 4546 formas
932 4476 1142 4559 procreasse?
