3080 5142
351 421 357 434 .
479 387 759 438 svrrasuunrvrr
783 389 815 436 v.
963 376 966 382 ‘
1154 368 1219 436 563

91 531 161 614 quod
184 534 314 617 attinet,
336 555 402 600 non
420 555 515 617 posse
534 555 606 598 cum
626 533 819 617 quibusdam
839 533 877 598 do
897 533 1006 616 aliquo
1027 535 1219 617 argumento

90 640 294 728 mythologice
314 640 465 724 cogitari,
487 639 578 704 velut
603 641 641 704 do
662 640 832 706 venatione
847 639 1035 724 Calydonia,
1058 639 1096 704 de
1115 643 1220 704 morte

90 745 230 831 Patrocli,
263 749 302 812 de
334 767 445 832 pugna
471 747 687 832 Amazonum,
720 747 776 812 sed
809 746 977 812 indubiam
1009 745 1220 812 certaminum

91 853 265 919 militarium
279 855 611 938 repraesentationem
626 875 709 918 esse:
728 858 889 920 certarum
904 858 1014 918 tamen
1031 852 1084 918 rel
1099 871 1219 937 pugna·

92 980 149 1024 rum
175 961 224 1024 vel
253 981 480 1046 personarum,
511 961 546 1026 in
574 960 724 1044 qualibus
751 960 1033 1026 comminiscendis
1062 960 1221 1024 adornan-

91 1063 187 1148 disque
219 1068 296 1149 post
326 1065 410 1132 alios
442 1067 565 1132 multus
597 1066 660 1132 fuit
687 1065 864 1144 Malossiuq
889 1090 909 1132 a
931 1066 1106 1132 Marimaeo
1135 1087 1221 1130 com-

92 1177 284 1255 memoratus,
316 1172 455 1238 certiora
484 1173 605 1238 indicia
632 1195 703 1238 esse
730 1173 827 1238 nulla
872 1174 987 1257 Itaque
1010 1173 1071 1238 etsi
1095 1171 1221 1236 somnia

92 1283 154 1342 sunt
174 1280 292 1362 quibus
315 1277 491 1344 Molossius
515 1279 617 1363 ipsius
642 1275 677 1344 O.
696 1277 848 1344 Caesaris
871 1279 1103 1345 dictatorisde
1126 1279 1220 1343 Ario-

93 1383 163 1448 visto
184 1384 398 1470 triumphum,
428 1385 553 1450 cladem
576 1385 791 1468 Allobrogum
820 1388 1012 1470 captamque
1035 1384 1137 1450 liliam
1161 1383 1221 1450 Or·

93 1490 241 1576 gerorius,
264 1495 403 1556 mortem
418 1489 630 1574 Camulogeni
650 1491 751 1555 menti
775 1512 852 1555 suae
875 1491 1064 1555 informarit
1086 1493 1123 1554 ut
1146 1512 1220 1554 ana-

92 1595 198 1680 glypho
232 1619 328 1682 opere
361 1618 528 1680 expressa,
564 1601 676 1660 tamen
712 1599 840 1661 tantum
878 1618 949 1661 esse
986 1595 1221 1662 concedendurn

92 1703 208 1788 ridetur,
230 1726 344 1788 reapse
369 1707 517 1787 spectare
534 1703 616 1767 haec
635 1701 821 1787 anaglypha
841 1703 881 1767 ad
896 1703 1126 1786 Romanorum,
1146 1701 1222 1766 Gal-

91 1807 189 1895 lorum,
211 1811 349 1877 aliorum
372 1810 511 1875 fortasse
530 1809 743 1875 barbarorum
763 1810 873 1894 aliqua
892 1809 1078 1894 certamina,
1101 1810 1135 1874 in
1153 1811 1221 1894 qui·

92 1916 140 1980 bus
161 1922 266 1982 certae
288 1921 399 2000 partes
422 1917 543 1982 fuerint
571 1919 603 1980 et
633 1917 669 1980 ut
692 1915 822 1980 videtur
844 1915 1071 1980 eminentiores
1095 1915 1163 1979 eiua
1187 1913 1223 1980 O.

92 2019 184 2106 Iulii,
218 2022 309 2088 cuius
342 2023 554 2088 honorificae.
570 2023 746 2086 memoriae
778 2022 867 2088 laute
897 2003 1141 2104 luculenterque
1169 2041 1222 2084 ex·

94 2133 236 2194 structum
259 2132 503 2195 monumentum
528 2127 644 2194 Sextus
667 2129 785 2193 Lucius
809 2127 939 2194 Marcus
966 2128 1026 2194 filii
1056 2148 1220 2192 consecra-

94 2239 163 2300 runt.
199 2235 299 2302 (iuius
323 2233 359 2302 O.
377 2235 451 2300 Iulii
476 2234 648 2300 dolendum
673 2238 723 2300 est
746 2257 822 2300 sane
844 2257 885 2300 ne
908 2235 1133 2300 tenuissimam
1152 2233 1221 2319 qui·

94 2341 152 2406 dem
173 2343 362 2408 memoriam
384 2365 490 2407 rerum
515 2341 689 2426 scriptores
713 2363 851 2406 serrare.
883 2341 1005 2420 Quodsi
1025 2341 1223 2426 quiescerit,

95 2447 193 2529 quibus
214 2447 394 2514 honoribus
416 2447 556 2533 functus,
575 2470 639 2532 qua
656 2449 777 2513 virtute
795 2447 932 2534 insignis
952 2469 1055 2532 quove
1073 2470 1223 2514 successu

95 2553 198 2639 clarus,
227 2577 269 2621 ne
292 2555 391 2620 verbo
416 2555 545 2641 quidem
572 2555 607 2619 in
631 2555 702 2639 ipso
730 2553 829 2620 titulo
857 2553 1074 2640 signification
1098 2554 1223 2635 mirere,

21 2729 22 2736 χ
95 2658 166 2725 baud
189 2663 253 2728 scio
277 2667 394 2728 ansat
416 2661 580 2747 probabili
603 2663 790 2728 coniectura
808 2661 995 2746 responderi
1013 2661 1129 2746 possit
1162 2661 1223 2725 Ar·

95 2787 139 2830 cus
160 2768 242 2832 enim
263 2768 471 2854 triumphalis
490 2769 556 2852 ille,
579 2770 669 2834 cuius
689 2769 754 2834 iam
774 2789 872 2852 supra
890 2768 1011 2832 mentio
1030 2767 1127 2850 facta,
1150 2789 1222 2831 oum

95 2871 121 2934 in
140 2877 224 2939 tanta
240 2875 405 2940 mausolei
428 2874 595 2940 vicinitate
614 2874 790 2940 collocatus
815 2874 859 2939 sit
878 2877 924 2952 ut,
948 2874 1026 2960 quin
1042 2878 1130 2940 certo
1149 2895 1222 2940 con·

96 2979 156 3046 silio
177 2981 253 3048 haec
277 2982 342 3048 duo
365 2981 510 3047 aedificia
533 2982 657 3046 sociata
680 2987 746 3047 sint
770 2982 861 3046 etad
885 2981 981 3048 unius
1004 2982 1145 3047 bominis
1168 2982 1224 3047 ho·

96 3079 190 3152 iorem
214 3089 328 3168 relata,
350 3089 403 3154 vix
426 3087 575 3153 videatur
597 3088 740 3154 dubitari
762 3110 875 3172 posse,
898 3092 1151 3154 consentaneum
1175 3093 1225 3154 est

96 3191 224 3273 proiecto
247 3195 293 3261 sic
316 3215 460 3280 censere,
483 3197 521 3260 ut
542 3195 578 3259 in
602 3195 670 3260 eius
693 3195 797 3278 ipsius
821 3216 914 3260 arcus
938 3197 1031 3278 perte
1051 3196 1224 3278 superiore,

97 3319 163 3380 quac
181 3305 318 3368 aetatem
336 3324 403 3367 non
421 3301 505 3383 tulit,
527 3303 706 3386 perscripta
725 3301 846 3366 fuerint
864 3302 1004 3384 nomina,
1027 3301 1125 3379 tituli,
1147 3301 1224 3366 faci·

97 3425 163 3470 nora
193 3408 359 3474 etiamtum
391 3409 458 3473 vivi
486 3405 521 3474 O.
543 3407 632 3491 Iulii,
665 3408 716 3473 cui
744 3413 873 3473 mortuo
903 3407 1103 3472 mausoleum
1133 3407 1224 3472 iuxta

98 3513 232 3578 statuerit
260 3515 403 3580 filiorum
436 3514 550 3597 pietas.
595 3515 648 3579 lta
676 3535 748 3580 cum
782 3513 899 3599 viginti
928 3513 1003 3578 anni
1035 3514 1086 3578 rel
1115 3513 1223 3598 plures

98 3618 243 3698 potuerint
264 3620 351 3685 inter
373 3620 539 3704 utriusque
562 3619 763 3686 monumenti
782 3619 941 3703 originem
964 3619 1126 3685 interiecti
1145 3641 1224 3704 esse,

99 3723 138 3786 vel
162 3726 207 3789 sic
232 3731 282 3792 sat
310 3726 491 3812 commode,
523 3726 606 3792 unde
636 3727 715 3792 artis
743 3726 777 3790 in
804 3729 941 3810 utroque
968 3746 1034 3789 non
1056 3724 1138 3790 levis
1162 3726 1223 3791 dis-

100 3829 245 3914 crepantia
280 3835 440 3918 quaedam
476 3831 651 3917 repetenda
687 3833 744 3914 sit,
783 3831 992 3916 perspicitur:
1018 3824 1223 3916 ‘quamquam

100 3931 225 4002 Brunuio
251 3941 381 4025 quidem
409 3940 513 4005 iudice
544 3963 583 4004 ea
612 3939 829 4024 discrepantia
861 3961 927 4004 non
960 3943 1011 4004 eat
1042 3943 1135 4005 tanta
1165 3961 1224 4004 nec

101 4041 252 4129 eiusmodi,
278 4049 357 4132 quin
385 4069 518 4131 prorsus
545 4047 760 4131 probabiliter
787 4045 827 4110 ad
855 4045 972 4111 indolis
1004 4046 1224 4112 diversitatem

101 4145 230 4235 duorum,
254 4176 274 4217 a
297 4154 414 4240 quibus
442 4154 501 4219 illa
531 4175 630 4238 opera
652 4153 812 4238 profecta,
841 4151 1037 4218 Graecorum
1065 4152 1224 4218 artificum
1238 4175 1273 4214 rx

101 4260 259 4322 revocetur:
285 4281 362 4324 nam
385 4258 530 4326 Graecos
551 4260 653 4326 fuisse
681 4281 732 4323 res
761 4259 833 4342 ipsa
856 4259 1007 4343 loquitur.
1031 4295 1073 4306 —
1098 4255 1224 4343 Cogno·

103 4361 173 4426 nine
190 4367 292 4430 autern
311 4366 412 4432 Iulios
429 4366 504 4431 illos
523 4365 622 4431 fuisse
637 4365 784 4432 Caesarea
800 4365 853 4430 rel
872 4363 1082 4449 praenomina
1100 4364 1226 4428 faciunt

102 4473 131 4530 ut
149 4467 312 4556 credamus,
336 4473 463 4557 quando
486 4477 616 4556 praetor
632 4472 743 4539 Scalas
758 4473 875 4538 Larcius
890 4471 993 4537 Gaias
1015 4471 1227 4556 praenomina

957 4575 1012 4630 ab*
