3080 5142
283 364 349 429 504
513 378 658 428 emesan
681 378 909 427 nsrnurffls
932 377 1191 427 111111111111

283 523 339 607 qui
361 523 454 588 nulla
476 522 509 586 id
532 525 638 586 aetate
665 543 732 586 non
759 544 870 586 rarum
898 521 998 587 fuisse
1027 526 1061 587 et
1082 525 1213 608 praeter
1235 521 1342 608 legem
1367 521 1438 586 fac

284 635 353 694 tum
380 629 630 694 enchiridicrum
656 631 842 694 nostrorum
870 628 1082 713 scriptoribus
1105 629 1314 713 crediderint,
1342 627 1442 694 velut

283 735 426 802 Beckero
448 735 496 819 Π,
519 736 539 799 2
566 758 597 819 p.
618 733 681 798 155
703 733 891 820 Imngioque
913 734 930 799 I
952 759 984 820 p.
1002 737 1077 802 544.
1126 735 1172 800 nt
1199 739 1312 800 tamen
1334 735 1441 820 longe

167 841 170 847 ’
284 843 373 908 aliud
396 841 472 906 fasti
495 842 679 906 consulares
703 839 820 905 docent
841 841 1030 928 diligentins
1053 841 1232 927 perquisiti
1263 839 1351 906 Nam
1372 843 1441 906 etsi

286 949 483 1015 ‘consulares
506 945 585 1031 legi’
613 947 685 1030 ipsa
711 945 764 1010 lex
787 945 922 1012 iubebat
949 945 988 1011 de
1011 946 1170 1012 dictatore
1194 945 1334 1012 creando
1366 947 1444 1012 lata

233 1061 417 1123 xnauctore
441 1053 533 1119 Livio
557 1053 603 1138 ΙΙ,
623 1053 678 1117 18:
710 1055 820 1116 tamen
847 1074 912 1117 non
940 1051 1088 1137 ‘aliquot’
1116 1057 1246 1118 tantum
1260 1055 1443 1139 'exemplis

284 1163 343 1226 illa
374 1161 524 1246 neglecta
556 1164 620 1242 est,
652 1157 708 1222 sed
739 1179 798 1241 per
829 1163 881 1223 sat
913 1180 1067 1244 magnum
1098 1160 1255 1242 temporis
1288 1161 1441 1246 spatium

285 1268 446 1353 quoddam
467 1271 536 1330 tam
559 1265 711 1349 frequens
734 1285 801 1330 non
818 1265 1039 1330 consularium
1057 1265 1179 1331 creatio
1198 1266 1271 1348 fuit,
1294 1272 1332 1332 ut
1351 1267 1440 1332 aden

287 1375 411 1440 minore
434 1393 567 1437 numero
591 1372 777 1436 consulares
801 1373 985 1455 appareant
1020 1370 1107 1436 Nam
1130 1371 1205 1436 inde
1228 1395 1248 1438 a
1270 1373 1442 1458 principio

287 1480 443 1545 si'fastos
465 1476 725 1562 perlustraveris,
747 1475 827 1542 haec
849 1477 933 1542 ratio
952 1477 1095 1560 prodibit
1112 1499 1212 1562 quam
1229 1479 1314 1544 infra
1334 1479 1442 1564 scrip

287 1588 395 1670 simus,
417 1584 544 1650 Batteri
567 1584 775 1668 potissimum
799 1604 898 1668 opera
921 1583 981 1646 usi.
1017 1581 1129 1648 Habes
1152 1584 1251 1669 enim,
1272 1587 1337 1651 nisi
1357 1587 1443 1672 quid

286 1691 490 1778 peccavimus
513 1690 720 1774 numerando,

286 1872 488 1938 perennes
511 1847 1092 1915 dictatoreszinhisconsulares
1116 1851 1442 1916 nonconsulares

309 1956 485 2021 253-387
598 1951 660 2018 XX
768 1989 777 2004 ·
939 1953 1019 2018 XIII
1278 1955 1344 2022 VII

309 2063 485 2128 391-433
571 2059 698 2126 XXVII
950 2059 1013 2124 XII
1280 2063 1343 2128 XV

220 2189 221 2192 ’
309 2169 485 2235 434-453
607 2167 671 2232 XII
929 2190 1041 2233 omnes

332 2275 484 2340 1111461
585 2295 683 2338 unum
1267 2300 1368 2343 unum

309 2381 486 2446 474-552
590 2377 669 2444 XXI
932 2402 1043 2447 omnes
1066 2386 1196 2468 praeter
1218 2381 1415 2449 Minucium:

288 2542 415 2628 quando
439 2539 516 2606 anni
540 2537 603 2602 537
632 2536 771 2604 dictator
792 2539 827 2604 L.
845 2540 1001 2606 Veturius
1023 2540 1120 2608 Philo
1148 2563 1264 2608 caussa
1290 2565 1357 2608 non
1388 2550 1442 2611 est

288 2671 344 2713 eur
368 2647 451 2713 alius
475 2667 545 2710 essa
569 2648 665 2730 atque
689 2647 802 2712 consul
830 2647 906 2712 anni
930 2648 996 2712 534
1023 2648 1179 2714 credatur.
1225 2647 1379 2716 (letarum
1403 2653 1441 2718 in

288 2755 340 2819 his
371 2753 532 2818 indicibus
565 2755 817 2818 consentaneum
848 2753 911 2818 fuit
942 2757 976 2819 et
1002 2754 1114 2820 eodem
1144 2777 1217 2820 cum
1244 2757 1440 2824 consulibus

288 2863 358 2926 loeo
381 2861 530 2927 tribunos
554 2858 695 2924 militum
719 2860 882 2924 consulari
904 2864 1068 2944 potestate
1090 2862 1218 2944 haberi,
1242 2866 1275 2927 et
1295 2863 1440 2930 Gliciam

290 2967 382 3030 illum
406 2987 470 3030 non
494 2965 599 3029 curari
622 2986 717 3049 quem
737 2986 823 3030 anno
837 2965 903 3031 505
921 2967 1054 3052 indigno
1077 2967 1217 3033 ludibrio
1241 2969 1440 3037 dictatorem

289 3074 323 3140 Ρ.
343 3071 496 3138 Claudius
519 3069 657 3134 Pulcher
679 3069 808 3158 dixit.*)
854 3069 923 3136 Nec
949 3073 985 3137 in
1007 3073 1204 3140 calculorum
1228 3075 1361 3142 illorum
1384 3100 1439 3144 ra-

288 3180 378 3245 tione
396 3177 548 3243 universa
566 3177 738 3262 quiequam
757 3179 877 3241 mutari
896 3177 989 3262 11111,
1012 3178 1040 3242 11
1059 3180 1144 3245 forte
1163 3203 1183 3246 a
1201 3181 1318 3246 ceteris
1337 3183 1440 3249 dieta·

289 3285 415 3350 toribus
439 3305 494 3348 eos
519 3305 588 3348 esse
611 3282 836 3348 discernendos
861 3283 992 3367 opinare
1016 3285 1071 3369 qui
1090 3286 1216 3370 optima
1238 3287 1310 3372 lege
1335 3287 1439 3355 dicta-

289 3394 376 3455 tores
409 3389 455 3454 rei
483 3389 646 3475 gerundae
678 3409 793 3453 caussa
824 3389 922 3454 fuere.
974 3389 1088 3477 Itaque
1116 3391 1270 3477 quoniam
1299 3397 1440 3481 tantam,

291 3525 502 3534 ...-.-——--—n

378 3583 403 3652 *)
426 3583 467 3639 Da
490 3581 630 3652 ambiguis
653 3597 704 3652 pro
727 3598 757 3634 ra
780 3583 848 3636 nata
870 3581 992 3638 11111111
1014 3583 1171 3639 statuimus.
1212 3584 1366 3642 Praeterea
1388 3589 1441 3658 qui

289 3674 434 3742 tamquam
454 3689 517 3726 cum
535 3668 693 3740 pulvisculo
712 3685 770 3724 rem
790 3670 935 3726 erhaurire
954 3671 1084 3742 voluerit,
1102 3671 1370 3736 etiam,distinctiue
1389 3693 1440 3747 po-

289 3760 356 3816 terit
374 3777 408 3814 ea
426 3759 554 3829 exempla
572 3757 728 3828 designare,
747 3774 811 3812 cnm
829 3775 885 3813 non
903 3758 1070 3829 consulares,
1095 3761 1144 3816 sed
1163 3760 1212 3829 qni
1230 3753 1283 3817 111
1294 3761 1441 3820 nouum

290 3851 541 3920 (111831401)
569 3847 616 3902 vel
637 3845 798 3916 magistorIo
821 3847 949 3916 equitum
972 3850 1015 3918 (ut
1033 3865 1057 3904 a
1077 3853 1140 3918 323)
1166 3849 1223 3904 iam
1246 3851 1324 3920 prius
1347 3853 1441 3910 111111

291 3939 394 4007 assent,
423 3937 574 3992 dictatores
597 3934 666 3991 dleti
689 3937 762 3991 eunt.
799 3935 858 3992 Nee
876 3936 1005 4007 magistri
1023 3936 1150 4007 equitum
1168 3937 1269 3993 desunt
1287 3939 1351 4010 qui,
1375 3961 1438 3997 cum

290 4027 358 4083 item
381 4027 540 4082 consulares
562 4042 620 4080 non
643 4026 746 4093 esseut,
773 4025 870 4080 tamen
891 4025 949 4080 iam
971 4027 1056 4080 antea
1079 4025 1126 4082 vel
1148 4025 1247 4082 eodem
1271 4029 1440 4100 magisterio

291 4116 415 4185 equitum
439 4117 610 4186 (111491)
640 4113 686 4169 vel
711 4114 773 4183 ipsa
796 4113 867 4170 adeo
890 4114 1031 4170 dictatura
1053 4112 1142 4169 iuneti
1165 4117 1246 4172 erant
1265 4117 1308 4184 (ut
1326 4135 1352 4174 a
1372 4126 1439 4176 3941

290 4223 356 4261 nam
373 4205 438 4273 post
456 4201 626 4258 dictaturam
645 4203 805 4272 susceptum
823 4201 1015 4273 magisterium
1038 4203 1165 4272 equitum
1184 4203 1269 4259 atium
1288 4207 1357 4261 anni
1376 4214 1439 4262 419.

290 4299 351 4348 422.
370 4297 430 4348 429.
450 4297 503 4346 484
520 4293 676 4360 1111111111).
715 4289 816 4356 Qualia
833 4291 961 4362 exempla
978 4291 1027 4346 ubi
1045 4309 1060 4348 e
1079 4295 1236 4348 ceterorum
1253 4293 1440 4352 multitudiue

291 4378 439 4444 exemeris,
463 4379 634 4435 calculorum
652 4380 810 4434 nostrorum
828 4380 937 4435 numeri
954 4381 1111 4449 paullulum
1133 4382 1331 4454 immutantur,
1354 4385 1392 4440 de
1410 4385 1439 4442 11

292 4470 322 4524 11
339 4484 448 4522 summa
466 4467 716 4538 argumentationis
734 4467 807 4522 nihil
825 4469 990 4525 detrabith
