3062 5142
333 379 585 428 rucaouocnc
610 379 765 428 uicinas
791 383 1051 458 cononuamvu.
1204 371 1268 437 247

92 518 242 584 Gruteri
267 543 299 604 p.
315 525 392 607 661,
406 523 426 588 6
440 521 509 608 (Or.
523 521 625 607 4748)
641 527 674 588 ct
688 523 762 607 663,
772 525 803 608 o,
822 524 945 590 HVNc
956 561 963 576 ·
973 525 1116 594 FATVS
1128 565 1134 575 ·
1145 528 1267 596 SVVS·

92 625 294 692 PRESSIT
325 630 361 695 in
387 629 559 696 Muratorii
587 651 618 714 p.
639 630 754 716 660‚4
782 632 861 698 item
888 632 1037 700 Romane
1065 631 1133 720 (Or.
1153 637 1267 723 2613):

92 735 191 818 apud
207 735 406 802 Petronium
425 741 533 802 autem
553 759 579 802 o.
594 738 638 804 42
657 743 691 804 at
703 739 811 821 plures
829 741 938 806 ecdici
957 740 1045 806 illum
1056 743 1267 828 pereleum,

93 842 200 908 insero
222 846 330 926 moyes
348 843 563 928 metrofanes,
581 866 607 910 c.
620 846 659 910 71
675 847 768 912 etium
786 848 816 912 st
833 847 904 912 illos
922 848 1024 913 uectus
1040 849 1128 930 fotus
1146 870 1266 932 oppres·

92 952 182 1028 serit,
205 972 234 1015 c
248 953 292 1016 77
308 951 365 1018 tec
378 953 456 1018 mihi
473 953 549 1018 dicit
558 952 646 1034 fatris
659 973 762 1018 meets:
785 953 871 1038 quod
890 974 993 1040 genus
1012 955 1181 1021 cottidiani
1200 979 1266 1022 ser-

94 1057 211 1122 monis
238 1057 280 1122 G.
301 1056 458 1124 Studerus
485 1059 640 1124 tractavit
666 1059 770 1126 Musei
799 1057 1049 1126 Rhen.n0v.11
1076 1083 1107 1144 p.
1122 1062 1162 1126 77
1179 1061 1265 1148 sq.*)

93 1164 205 1229 Porro
233 1164 374 1230 claudos
397 1187 548 1231 numeros
571 1187 684 1230 versus
707 1164 889 1231 duodecimi
913 1165 1045 1231 sanabis
1059 1165 1264 1234 ANIMVLA

94 1271 210 1336 forma
231 1271 384 1356 reposita
402 1293 461 1356 pro
475 1269 630 1356 ANIMA,
653 1271 803 1337 turbatos
822 1276 930 1336 autem
949 1274 1084 1338 extremi
1103 1275 1263 1358 exipsius

93 1377 294 1442 sententiae
336 1377 529 1443 necessitate
569 1377 616 1442 sic
656 1376 743 1442 haud
778 1376 978 1442 haesitanter
1018 1381 1264 1448 reconcinnabis

93 1471 723 1560 QVEM·NVPER·PEPERERAM.
760 1483 845 1548 Leve
869 1487 919 1548 est
943 1485 1119 1570 aspiratum
1142 1487 1263 1555 ibidem

93 1591 226 1656 saeculi
244 1592 333 1656 vitio
351 1589 490 1655 HABII:
514 1594 550 1654 ut
567 1587 812 1655 CHORONAM
827 1612 921 1656 versu
940 1596 1064 1676 quarte.
1091 1593 1264 1662 Praeterea

94 1703 213 1762 autem
234 1696 329 1761 aliud
348 1703 397 1762 est
416 1697 583 1783 quiddam,
606 1696 692 1780 quod
711 1719 775 1762 non
794 1691 900 1781 possit
917 1720 985 1764 non
1003 1701 1147 1784 graviter
1166 1703 1262 1769 offen·

93 1805 182 1870 dere.
217 1803 354 1889 Quippe
372 1826 504 1889 prorsus
524 1806 654 1888 prester
672 1802 947 1886 exspectationem
966 1805 1003 1869 fit
1021 1811 1066 1890 ut,
1089 1813 1262 1894 postquem

94 1913 235 1994 praeter
260 1915 369 1976 semet
391 1910 496 1996 ipsum
515 1907 677 1974 Diodorus
700 1912 733 1973 et
751 1907 951 1976 Moschidem
971 1915 1004 1976 et
1023 1909 1207 1996 Dionysiam
1230 1920 1262 1981 et

95 2016 229 2102 Pupam
261 2021 298 2082 et
325 2017 460 2082 filiolum
493 2015 760 2081 commemoravit
789 2020 926 2082 matrem
956 2018 1149 2104 salutantes,
1182 2021 1262 2088 haec

94 2124 295 2189 resalutans
319 2123 482 2208 maritum,
504 2113 638 2207 Pupam,
660 2121 798 2187 filiolum
818 2121 1013 2190 mirabiliter
1030 2128 1263 2209 praetermittit

94 2229 312 2296 Moschidem
342 2235 375 2296 et
397 2229 594 2315 Dionysiam.
641 2227 734 2304 Quod
762 2251 834 2294 cum
862 2230 951 2295 nullo
981 2233 1078 2298 modo
1102 2237 1261 2302 committi
1337 2266 1340 2272 ·

95 2337 253 2422 potuisse
281 2337 317 2401 in
340 2339 407 2400 tam
430 2335 587 2402 concinne
614 2335 778 2420 ceteroqui
805 2337 902 2402 nenia
925 2337 1082 2424 videatur,
1114 2341 1166 2406 vix
1190 2365 1260 2408 esse

96 2444 240 2538 dubium
281 2446 433 2526 putamus
466 2442 544 2527 quin
575 2463 659 2506 unus
692 2441 809 2527 aliquis
843 2445 1019 2510 versiculus
1051 2447 1260 2514 interciderit.

98 2549 258 2636 decipite
284 2551 396 2636 igitur,
418 2549 616 2632 perpolitum
639 2571 699 2633 pro
723 2549 809 2614 virili
832 2553 939 2635 perte,
969 2573 1099 2618 carmen
1126 2557 1257 2621 tenerri-

98 2681 231 2724 morum
260 2659 436 2722 effectuum
460 2660 511 2721 sat
533 2657 674 2742 eleganti
699 2656 938 2741 significatione
962 2659 1197 2728 suavissimum.

139 2784 276 2866 Hane,
300 2781 410 2846 ddlce
434 2780 546 2846 nobis
569 2783 707 2846 nomen
729 2786 837 2864 aeque
858 2783 959 2847 omen
978 2777 1108 2866 per'ens

140 2887 364 2974 Stephane,
387 2888 483 2953 uitai
506 2889 677 2972 nestrae,
700 2888 784 2951 dum
805 2888 921 2980 atticis,
943 2889 1058 2957 decus.

140 2996 246 3062 Vere
273 3016 453 3060 coronem
473 2997 509 3058 te
534 2993 666 3077 decepi
690 2996 828 3060 aetatis
850 3016 955 3061 meae.

141 3100 325 3168 Moschis
349 3105 417 3166 tua
440 3105 477 3165 te
501 3101 652 3166 saltitat
675 3103 712 3164 et
735 3097 935 3186 Dionpsc'o,

141 3211 193 3276 Et
219 3209 370 3274 blenda
392 3208 518 3273 dulcis
541 3207 648 3291 Pdpa
672 3207 841 3273 delicioe'
860 3214 957 3294 tuuc,

141 3319 193 3382 Et
218 3317 335 3402 quem
360 3316 440 3381 tuis
463 3313 640 3380 menibus
663 3319 779 3397 ndper
798 3317 982 3400 pestoddq
1005 3317 1126 3383 Poris.
1267 3349 1292 3390 χ

144 3424 288 3489 Fatum
312 3419 524 3504 infelicem,
547 3419 615 3505 qui
635 3426 673 3486 te
696 3423 802 3486 nobis
824 3421 1000 3488 distulit!

141 3531 273 3613 Hane,
298 3531 408 3594 edeta
430 3527 608 3611 coniunx,
633 3529 670 3592 et
693 3527 787 3592 midi
809 3531 998 3614 responde,
1015 3551 1153 3612 precor.

567 3633 800 3717 *ηε*

143 3745 276 3827 Hane,
301 3739 354 3807 mi
374 3740 556 3826 Diodore,
580 3739 699 3806 amice
722 3740 911 3824 fraterque
932 3743 966 3806 c‘t
980 3763 1136 3824 parens:

143 3851 175 3915 N
182 3873 246 3916 sm
272 3853 311 3913 et
333 3845 447 3914 amici
470 3848 606 3913 officie
630 3851 667 3913 et
688 3846 871 3933 pietatem
892 3847 1059 3914 debuisti
1073 3852 1208 3934 patris.

147 3957 195 4022 Tc
220 3956 303 4020 me'a
323 3955 447 4021 saluto
469 3953 643 4039 Mesenis,
668 3960 699 4020 te
720 3951 916 4034 Dionp'sia.

144 4063 276 4147 Hane,
294 4061 401 4144 Piips
418 4062 571 4146 blanda,
590 4060 760 4127 animula
779 4083 870 4146 mea,
889 4069 997 4145 tuque
1013 4063 1119 4147 tdue,
1134 4063 1255 4148 Paris,

144 4169 271 4243 Quem
291 4169 412 4250 ndpor
429 4189 665 4251 pepereram,
686 4172 726 4233 dt
745 4168 826 4232 sbti
844 4169 891 4232 ad
902 4167 1053 4252 Stypc'ds
1071 4169 1254 4256 domoc.*')

182 4277 334 4378 'fidi-de
351 4305 423 4361 inira
442 4305 534 4360 ‘cures
553 4307 699 4362 secundas'
718 4324 746 4378 p.
761 4307 825 4361 XIV
844 4310 906 4375 (253
921 4311 983 4378 sq).
1021 4307 1050 4364 C.
1066 4309 1122 4382 W.]

174 4397 219 4465 ⁸*)
241 4394 333 4468 [Vide
351 4393 422 4448 infra
436 4395 527 4450 ‘curas
545 4395 691 4452 secundas'
707 4395 813 4465 p.le
833 4397 908 4464 (263)
932 4399 961 4450 et
979 4397 1202 4468 supplementum
1220 4420 1254 4457 cx

106 4486 203 4542 nuceo
222 4485 322 4541 Eheu.
341 4481 403 4538 XVI
420 4502 447 4556 p.
463 4490 514 4540 297
533 4484 604 4540 infra
622 4503 649 4556 p.
665 4489 716 4538 254
732 4503 772 4556 sq.
792 4483 970 4553 adscriptum.
1008 4487 1037 4544 C.
1052 4487 1110 4561 W.]
