3080 5142
521 369 802 418 svernununrvu
826 371 871 418 1v.
1207 353 1272 420 545

100 511 252 576 nestino
272 533 304 574 n.
321 511 420 576 1134:
435 549 482 576 e-
503 536 565 597 quo
588 536 689 598 prope
709 514 832 580 accedit
847 510 1161 579 DISCIPLEINAM
1175 516 1270 598 scrip·

101 621 189 680 tura
211 617 252 682 111
267 619 374 703 elogio
389 618 521 684 ‘litteris
537 620 656 684 saeculi
672 619 825 706 Augusti’
841 620 961 705 scripto
976 619 1051 684 ibid.
1063 621 1145 685 Add.
1160 622 1271 706 poet.

205 722 303 789 Haec
326 726 427 810 igitur
451 729 539 809 sunt,
567 749 624 791 cur
646 726 786 812 priscae,
814 749 880 792 uon
907 727 1136 810 imperatoriae
1164 728 1271 794 latini·

102 830 174 893 tati
201 830 310 916 hunc,
333 853 428 916 quem
452 833 512 897 sub
530 833 562 896 A
585 833 915 918 repraesentavimus,
937 833 1069 897 titulum
1088 833 1271 900 Romanum

104 939 163 999 sat
190 938 399 1002 confidenter
422 939 611 1004 tribuamus.

594 1138 806 1145 —————-

209 1256 329 1323 Altero
347 1258 419 1324 loco
433 1281 529 1343 quem
549 1260 609 1325 suh
624 1259 659 1324 B
672 1261 996 1343 repraesentavimus,
1014 1281 1081 1324 non
1100 1264 1151 1325 est
1167 1281 1270 1324 novus

105 1362 254 1447 titulus,
279 1363 333 1427 sed
349 1361 517 1430 Galenus
541 1365 595 1430 ille
616 1389 711 1451 quem
730 1367 794 1431 iam
813 1367 847 1430 in
866 1365 1020 1431 fasciculo
1034 1366 1068 1431 II
1083 1366 1163 1446 [tab.
1176 1363 1270 1445 XVI]

106 1470 174 1533 sub
195 1470 229 1533 A
254 1491 272 1534 e
296 1471 409 1536 tabula
431 1473 671 1559 chalcographa
692 1474 925 1558 repetieramus
949 1495 1030 1557 quae
1054 1478 1104 1538 111
1127 1473 1161 1536 in
1184 1471 1272 1536 ‘Bul-

105 1575 249 1640 lettino'
270 1578 515 1665 archaeologieo
539 1581 655 1646 Italico
678 1581 777 1646 roll
800 1581 885 1646 anni'
900 1581 994 1646 1861.
1029 1581 1115 1646 Eum
1138 1600 1195 1644 cur
1217 1578 1270 1642 hic

106 1683 293 1768 iteremus,
320 1707 435 1751 caussa
460 1708 527 1752 non
557 1691 609 1752 111
636 1686 701 1751 alia
724 1709 821 1771 quam
845 1687 931 1771 quod
955 1687 1023 1752 illic
1046 1687 1150 1752 multo
1174 1707 1270 1770 quam

106 1789 207 1853 credi
225 1791 335 1874 potuit
352 1787 578 1877 neglegentius
598 1797 632 1857 et
650 1797 779 1877 praeter
797 1793 969 1857 veritatem
984 1792 1089 1857 editus
1104 1797 1163 1876 111,
1186 1814 1270 1857 nune

107 1902 247 1982 autem,
272 1903 444 1983 postquam
468 1899 501 1964 in
520 1922 667 1965 museum
681 1899 935 1984 Neapolitanum
953 1899 1098 1983 transiit,
1121 1900 1161 1964 ad
1180 1921 1267 1964 aecu-

107 2005 325 2069 ratissimum
348 2006 529 2090 exemplum
552 2006 756 2071 adsimilatus
779 2005 865 2090 quod
890 2007 1055 2090 praeclaro
1074 2005 1181 2070 studio
1205 2005 1270 2069 exi·

108 2112 272 2195 miaeque
294 2111 539 2178 benevolentiae
564 2112 658 2178 Iulii
681 2113 907 2178 Minerrinii
934 2113 1078 2178 debetur.
1122 2111 1168 2176 Et
1190 2111 1269 2176 illud

111 2217 253 2302 quidem
275 2240 341 2282 non
364 2223 414 2282 est
438 2219 523 2302 quod
547 2220 708 2286 morosius
728 2220 903 2304 culpemus,
927 2218 1012 2304 quod
1035 2222 1195 2283 extremae
1218 2218 1269 2281 111

110 2328 211 2390 terae
236 2325 318 2389 duae
342 2323 561 2390 CORNELIO
591 2325 733 2390 nominis
762 2347 781 2389 a
803 2324 918 2389 tabula
940 2321 1157 2408 Neapolitana
1179 2346 1269 2408 pror-

112 2453 174 2496 sus
202 2431 335 2496 absunt:
359 2451 416 2495 eae
440 2430 526 2495 enim
550 2431 653 2514 ipsius
673 2430 801 2495 demum
816 2428 1003 2495 Minervinii
1027 2453 1126 2516 opera
1144 2433 1176 2494 et
1194 2452 1270 2495 cura

113 2537 273 2601 effectum
297 2543 346 2603 111
369 2543 406 2603 ut
429 2561 446 2601 e
470 2538 537 2603 situ
564 2541 597 2602 11
623 2537 766 2602 tenebris
794 2537 910 2620 quibus
939 2538 1087 2601 obtectae
1115 2541 1207 2601 erant
1235 2537 1322 2602 invrr

114 2643 228 2708 lucem
253 2644 441 2726 prodierint.
473 2643 580 2708 Minus
605 2644 780 2709 condonari
803 2646 942 2727 possunt
965 2643 1133 2728 neglectae
1156 2664 1269 2706 versus

113 2749 212 2813 tertii
244 2750 338 2815 initio
370 2749 459 2814 PVR
488 2750 631 2814 litterae:
664 2771 743 2834 quas
774 2749 807 2813 in
839 2749 1011 2833 propatulo
1045 2752 1095 2813 est
1126 2749 1167 2813 ab
1197 2747 1268 2831 ipso

114 2855 247 2939 pictore
269 2856 384 2939 opifice
412 2856 583 2922 derelictas
612 2878 695 2940 esse,
727 2859 763 2920 ut
790 2877 870 2939 quas
900 2855 1035 2919 sentiret
1063 2877 1121 2939 per
1147 2854 1268 2937 impru-

115 2963 268 3027 dentiam
296 2965 454 3048 superiori
478 2965 585 3028 versui
607 2963 705 3027 nimis
729 2963 1014 3046 appropinquatas.
1053 2961 1190 3026 Prorsus
1214 2985 1268 3027 au·

114 3074 188 3134 tem
212 3067 364 3133 excedere
388 3070 515 3134 veniam
542 3069 623 3134 illud
653 3073 788 3153 apparet
816 3069 900 3151 quod
929 3070 1010 3134 duos
1034 3091 1144 3134 versus
1168 3072 1269 3134 extre-

114 3199 193 3240 mos
218 3175 477 3262 chalcographus
501 3173 738 3260 Neapolitanus
763 3175 796 3238 in
820 3175 914 3239 unius
938 3197 1051 3241 versus
1075 3175 1268 3240 continuita-

114 3289 188 3348 tem
210 3281 386 3366 productos
411 3283 572 3348 exhibuit:
604 3283 688 3347 nihil
711 3286 748 3347 ut
771 3281 810 3345 de
834 3282 1008 3367 suppletis,
1036 3304 1117 3367 quae
1141 3282 1268 3366 inipso

115 3411 214 3453 muro
244 3389 377 3454 mutilae
406 3393 494 3472 sunt,
525 3389 644 3454 litteris
672 3410 784 3454 versus
812 3387 982 3452 novissimi
1009 3389 1161 3454 dicamur.
1206 3387 1268 3452 His

114 3501 242 3577 autem,
260 3517 342 3579 quae
362 3495 598 3560 dubitationem
618 3516 683 3559 non
704 3493 837 3577 habent,
856 3495 1088 3578 supplementis
1110 3495 1268 3578 susceptis

116 3603 200 3666 haec
226 3602 291 3666 iam
314 3602 417 3666 totius
441 3601 530 3666 tituli
554 3601 676 3684 species
699 3601 822 3683 prodit:

442 3721 915 3789 L-OORNELIO

531 3845 948 3914 CINNAOOSITER

444 3937 502 3976 PVR

443 3988 910 4055 PVltGATVM

531 4109 907 4182 naussum

111 4243 274 4309 Ceterum
297 4241 331 4304 in
354 4240 459 4324 ipsam
482 4239 784 4322 interpretationem
812 4236 978 4301 fatendum
1007 4239 1057 4300 est
1085 4238 1169 4302 nihil
1192 4241 1266 4304 novi

111 4375 151 4416 ex
175 4349 234 4414 his
260 4347 539 4412 emendationibus
566 4343 753 4410 redundare.
800 4343 1002 4426 Quamquam
1029 4365 1069 4407 ne
1093 4343 1267 4409 desiderari

110 4456 250 4543 quidem
276 4453 447 4537 quicquam
472 4454 513 4518 ad
536 4452 739 4517 commodum
758 4454 943 4533 certumque
962 4451 1162 4515 intellectum
1187 4452 1268 4516 satis

166 4581 212 4615 111
232 4577 386 4612 urracham:
405 4575 538 4614 orvscvus
557 4577 594 4611 ru.
1020 4561 1054 4608 35
