3080 5142
483 379 764 430 svreususurvu
787 380 822 427 11.
1162 357 1228 424 515

11 523 12 540 ³
98 525 152 586 lest
171 527 286 589 nostra
306 521 467 588 sententia
490 523 569 608 quin
590 522 740 588 binorum
758 525 796 587 ut
814 539 909 604 saepe
923 517 1114 586 Aniciorum
1132 518 1228 583 liber-

11 615 13 664 ἶ
98 633 140 693 tus
160 628 299 712 dicatur,
322 626 395 694 luci
418 634 451 693 et
474 627 577 696 STati.
612 630 676 695 Pro
699 651 763 714 quo
786 628 909 694 rariore
927 626 1136 713 praenomine
1156 647 1227 691 oum

11 793 12 798 ,
97 735 259 819 lapidarius
285 735 307 802 S
330 735 514 820 scripsisset
535 737 735 821 imprudens,
761 735 896 822 cognito
920 755 1027 800 errore
1051 755 1151 818 supra
1172 747 1228 817 po·

11 851 12 866 ¹
98 841 183 906 sitnm
214 863 286 910 esse
313 842 341 906 T
373 847 405 908 ct
433 847 683 908 consentaneum
715 846 766 908 est
797 845 831 907 et
863 841 1036 906 simillimis
1070 839 1227 924 exemplis

11 987 12 1004 2
98 947 222 1012 evidens.
253 947 354 1014 Velut
375 970 442 1014 non
465 949 562 1014 aliem
585 949 620 1014 in
642 953 769 1034 partem
788 949 876 1014 vulct
894 948 929 1013 in
942 946 1106 1034 Aquilano
1129 944 1227 1011 titulo

11 1099 13 1182 ³
98 1091 125 1154 r.
141 1091 172 1156 u.
189 1091 231 1157 u
249 1092 287 1158 n.
312 1089 617 1179 casuroque
641 1092 678 1156 n.
700 1092 716 1156 1
739 1114 771 1155 n.
792 1091 890 1171 lace]
914 1041 1106 1154 suvulvs
1129 1087 1227 1170 scrip-

97 1201 169 1282 tura,
189 1220 272 1283 quae
296 1199 361 1284 ipsi
383 1197 536 1264 Henzeno
561 1197 660 1264 Orell.
682 1222 713 1266 n.
732 1199 820 1266 6235
842 1197 949 1264 fraudi
972 1195 1048 1262 fuit:
1076 1217 1139 1280 quo
1162 1195 1229 1259 alia

97 1325 151 1368 uon
180 1327 284 1388 pauca
316 1306 398 1371 adde
428 1327 468 1371 ex
501 1307 629 1372 aeribus
661 1306 867 1391 potissimum
900 1307 1056 1389 congestu
1082 1301 1227 1367 Indicum

11 1415 13 1438 '
96 1415 265 1478 nostrornm
291 1435 322 1498 p.
344 1413 429 1478 121⁸.
462 1410 576 1496 Ipsam
599 1415 707 1477 autem
722 1410 912 1476 Aniciorum
935 1413 1064 1496 gentem
1084 1408 1118 1472 in
1132 1406 1227 1472 Prae·

11 1547 13 1590 ;
97 1518 217 1584 uestinis
235 1541 304 1584 non
323 1517 501 1604 ignobilem
525 1517 625 1584 fuisse
644 1539 717 1583 cum
738 1521 845 1582 cetera
869 1517 937 1581 eius
960 1514 1101 1580 nominis
1124 1534 1228 1578 exem·

98 1622 142 1706 pla
161 1623 285 1690 faciunt
306 1628 344 1690 ut
367 1624 548 1691 credamus:
580 1622 849 1690 ANlOlA·M·F
877 1626 911 1687 et
938 1617 1228 1688 L·AN101·v-F

98 1728 124 1792 Ρ.
140 1729 171 1796 b.
189 1731 231 1798 M.
250 1732 289 1797 E.
312 1733 379 1797 tab.
397 1729 496 1818 XLV,
512 1733 577 1798 1.2
597 1729 645 1814 [O.
663 1730 689 1797 Ι.
707 1731 743 1797 L.
762 1730 779 1794 I
798 1753 828 1796 n.
840 1732 890 1796 77.
906 1731 973 1814 751,
996 1751 1058 1814 qno
1074 1724 1229 1792 ANIOIA

98 1834 226 1902 Heuaeni
254 1838 380 1904 accedit
407 1839 442 1903 in
464 1837 581 1904 Annal.
604 1839 684 1903 Inst.
708 1837 795 1903 arch.
818 1837 952 1902 21855
974 1859 1004 1921 p.
1020 1836 1061 1900 78
1085 1855 1115 1898 n.
1135 1834 1155 1898 3
1180 1829 1228 1912 [C.

97 1938 117 2002 l.
128 1941 158 2005 L.
175 1943 190 2006 l
206 1965 238 2009 n
250 1945 317 2028 76],
339 1945 419 2009 item
438 1943 559 2010 ANIOI
582 1945 616 2011 in
639 1945 756 2011 mutilo
776 1945 883 2029 lapide
901 1943 1038 2009 Petrinii
1061 1941 1181 2026 prael,
1194 1940 1229 2003 4:

12 2107 13 2116 ,
97 2051 155 2112 tum
179 2053 309 2134 praeter
335 2053 444 2114 cetera
465 2049 673 2116 Petriniauus
701 2052 816 2116 titulus
844 2073 874 2134 p.
893 2050 968 2133 321,
986 2049 1027 2113 21
1057 2045 1230 2131 persuadet

98 2154 143 2235 qui
158 2159 206 2220 est
218 2156 311 2221 talis:
333 2154 457 2222 BASSI
477 2159 482 2242 1
503 2156 914 2224 ANICIO-AVOHENIO
935 2159 939 2236 l
959 2150 1227 2220 Bassuvc·

12 2253 13 2282 ³
98 2257 1228 2351 ruccone(cour-PROVISORIuIVSlDquROVINGIlln·

11 2347 13 2372 ¹
98 2365 432 2456 llllSl'PITVTORI
447 2405 453 2418 ·
468 2369 686 2436 GENERIS
707 2371 712 2455 Ι
732 2367 1021 2437 ANICIORVM
1036 2404 1042 2417 ·
1058 2367 1114 2432 OB
1131 2402 1137 2416 ·
1152 2365 1229 2431 ME·

11 2487 13 2510 ³
98 2471 185 2538 lllTA
204 2475 209 2558 Ι
229 2473 332 2540 EIVS
347 2475 603 2543 ·INLVSTRIA
623 2483 628 2558 1
649 2477 764 2544 ORDO
780 2473 1047 2550 ··POPVLVSQ·
1064 2469 1227 2558 clvlull

12 2579 13 2610 ³
98 2577 151 2644 us
165 2616 170 2628 ·
183 2581 524 2649 PRAENESTINAE
541 2618 546 2632 ·
561 2582 650 2650 PON
663 2620 670 2633 ·
686 2583 805 2651 GENS.

12 2705 14 2796 ζ
171 2687 306 2772 Quodsi,
330 2689 408 2775 quid
426 2689 616 2756 Aniciorum
639 2691 775 2756 libertus
797 2690 854 2755 ille
871 2688 971 2755 Gaius
996 2686 1109 2772 egerit,
1132 2707 1229 2771 quae-

12 2797 14 2860 l
99 2790 145 2876 n's,
164 2793 197 2859 in
218 2800 375 2881 promptu
399 2801 448 2862 est
471 2796 686 2881 probabiliter
708 2797 911 2882 respondere.
944 2793 1019 2861 Sive
1037 2794 1123 2858 enim
1142 2797 1228 2858 recte

98 2895 200 2982 legisse
223 2900 418 2967 Geccouium
441 2901 612 2968 RIANDO
641 2903 814 2970 credideris
845 2901 893 2990 (et
920 2902 955 2967 in
981 2901 1114 2986 reliquis
1142 2903 1228 2966 certe

12 3033 14 3068 c
98 3003 179 3072 fidem
199 3010 258 3075 ille
283 3009 417 3075 minime
440 3009 612 3096 destiurit),
635 3031 693 3076 seu
706 3010 791 3076 forte
805 3008 985 3076 RTANDO
1000 3009 1110 3094 potius
1130 3007 1228 3090 scrip·

98 3115 154 3176 tun
180 3114 282 3182 fuisse
309 3115 482 3180 conieceris
510 3113 621 3200 (quam
651 3115 824 3182 lectionem
853 3138 919 3182 non
947 3115 1091 3182 excludit
1113 3114 1229 3179 sellem

99 3216 286 3304 dispescendi
309 3223 457 3287 vocabuli
484 3222 569 3288 ratio
598 3219 820 3309 insolentior),
855 3223 957 3289 ullum
985 3223 1071 3310 quod
1099 3220 1230 3306 quidem

12 3331 14 3380 ὲ
99 3321 150 3389 buc
178 3327 314 3412 quadret
345 3329 479 3394 verbum
511 3329 647 3396 latinam
675 3329 823 3416 linguam
850 3335 1018 3415 praestare
1045 3327 1229 3414 negandum
1243 3341 1277 3382 1x

13 3476 14 3529 l
100 3435 140 3496 st
159 3439 288 3517 praeter
309 3455 408 3499 unum
430 3437 597 3502 venando:
625 3436 658 3501 id
681 3436 767 3520 quod
792 3458 852 3521 pro
876 3458 911 3502 se
934 3437 1014 3521 ipse,
1037 3435 1229 3521 quicumque

100 3541 222 3622 experiri
246 3540 349 3625 volet,
371 3562 575 3627 ,cognoscere
603 3542 772 3628 poterit.*)
824 3543 982 3609 Variaudo
1013 3545 1123 3606 autem
1149 3539 1230 3603 illud

98 3641 170 3710 hsud
191 3650 381 3714 cunctanter
398 3649 686 3733 interpretabimur
707 3650 759 3715 vel
776 3649 926 3716 coloratus
943 3647 1158 3731 delinquendo
1177 3644 1228 3710 vel

99 3747 221 3819 loclesse
241 3773 329 3837 opere
341 3755 507 3838 pictcrulo,
531 3755 600 3820 sive
619 3757 739 3822 ertone
757 3759 814 3821 aut
832 3755 981 3822 tessellato
1000 3753 1111 3836 males,
1132 3751 1229 3816 varie

97 3861 192 3936 ycudc.
236 3861 307 3927 Nec
329 3861 550 3929 inhominem
572 3862 728 3931 libertum
756 3863 936 3928 infitiabere
962 3861 1029 3926 tale
1057 3858 1229 3924 artificium

101 3961 247 4050 inprimis
271 3967 457 4034 convenire:
481 3969 566 4054 quod
590 3969 642 4034 vel
662 3991 736 4034 erae
755 3969 806 4032 vel
825 3969 903 4034 fano
922 3967 974 4034 vel
994 3965 1092 4031 alicui
1111 3964 1229 4029 sacello

100 4068 247 4155 Apollinis
276 4075 459 4140 exornando
488 4075 670 4144 adhibitum
698 4079 756 4140 est
802 4074 946 4140 Accedat
978 4073 1088 4158 igitur,
1120 4071 1146 4135 si
1173 4091 1231 4155 per

174 4305 198 4369 *)
222 4301 276 4358 Vix
302 4301 376 4356 euim
404 4302 549 4360 inventum
581 4303 618 4359 iri
644 4303 794 4374 opinamur
825 4300 873 4370 qui
901 4301 979 4358 velut
1007 4297 1228 4372 STlRIANDO·

103 4383 300 4447 EXORNAVIT
319 4390 365 4446 uel
384 4391 490 4463 uliqnid
510 4392 601 4449 simile
621 4393 798 4448 commendet
815 4391 958 4460 argutiore
972 4387 1131 4446 mehercule
1145 4404 1230 4457 quam

102 4476 231 4536 subtiliore
250 4483 418 4536 commento.

962 4571 1016 4625 3³*
