3048 5144
288 353 350 416 184
427 368 576 416 rrrvuvs
602 368 793 415 couvunaa
818 367 1024 416 nosrasrau
1047 368 1281 441 ovuuamuau.

285 534 370 579 anuo
389 529 568 578 crolouxvr
588 510 735 576 Venetiis
754 511 889 594 prodiit,
912 511 992 574 haee
1006 511 1105 574 verba
1117 509 1286 595 praemisit
1304 534 1337 595 p.
1355 513 1444 576 142:

285 618 387 683 ‘Infra
406 615 612 702 Capitolium,
636 617 676 682 ad
692 617 810 682 Arcum
826 616 990 700 Septimii,
1011 617 1233 682 vetustissima
1250 618 1447 702 inscriptio,

284 747 386 808 nuper
410 723 541 806 effossa,
568 745 652 788 anno
677 741 801 788 nrnnxv
830 745 940 787 mense
964 722 1100 787 Sextili?
1146 723 1204 807 Vt,
1227 723 1311 788 unde
1336 746 1446 788 suum

284 831 363 894 illud
388 828 574 894 Sachsius
597 829 731 912 babeat,
759 829 814 912 qui
844 829 878 892 in
901 827 988 894 Hist.
1011 834 1043 893 et
1066 827 1166 895 deser.
1194 829 1283 894 urbis
1307 829 1447 895 Romae

284 939 305 1000 t.
330 934 399 1019 I‘p.
422 936 488 1000 419
512 935 618 999 basim
642 936 809 1000 columnae
837 939 997 1000 rostratae
1026 957 1109 1000 anuo
1134 954 1276 1003 moroan
1300 942 1446 1003 auctore

285 1042 447 1107 cardinale
474 1042 630 1108 Farnesio
663 1045 812 1108 effossam
847 1065 916 1107 esse
945 1043 1070 1124 scribit,
1107 1067 1239 1127 prorsus
1273 1045 1446 1131 ignorem.

285 1149 385 1226 Quem
408 1171 523 1232 parum
547 1150 688 1234 peritum
712 1150 827 1214 harum
855 1170 961 1214 rerum
989 1150 1245 1216 existimatorem
1269 1151 1368 1216 stiam
1404 1155 1445 1217 in

283 1255 346 1318 hoc
373 1254 593 1339 deprehendo,
626 1257 708 1341 quod
742 1255 851 1320 dedIta
883 1277 982 1341 opera
1013 1279 1166 1341 quaerere
1198 1258 1319 1343 potuit,
1351 1281 1443 1324 num

285 1361 382 1443 forte,
410 1384 493 1446 quae
520 1362 616 1427 hodie
643 1364 677 1428 in
706 1363 840 1447 ‘palatio
865 1363 1140 1429 conservatorum’
1170 1361 1355 1449 Capitolino
1379 1389 1444 1432 co-

284 1468 394 1533 lumna
417 1469 533 1532 rostris
557 1473 713 1534 exornata
736 1470 941 1554 conspicitur,
969 1471 1059 1535 cuius
1089 1472 1193 1555 ipsius
1221 1472 1291 1536 basi
1314 1472 1444 1537 titulus

285 1565 477 1638 Duellianus
506 1574 561 1639 illc
590 1576 731 1640 insertus
762 1577 824 1658 est,
856 1599 920 1642 non
949 1579 1036 1642 esset
1063 1599 1101 1641 ex
1130 1579 1325 1662 antiquitate
1356 1602 1445 1663 pro-

285 1680 366 1743 dita:
391 1701 488 1764 quam
508 1680 628 1744 saeculi
647 1681 724 1745 XVI
745 1681 882 1747 artificio
908 1681 1016 1746 deberi
1039 1683 1189 1768 breviter,
1211 1689 1249 1749 ut
1270 1688 1340 1750 erat
1358 1707 1445 1750 con-

285 1790 487 1870 sentancum,
506 1785 695 1851 Ernestus
715 1786 919 1852 Platnerus
940 1787 1108 1853 admonuit
1123 1786 1320 1854 Descr.Vrb.
1334 1794 1357 1853 t.
1372 1790 1446 1876 ΠΙ,

288 1896 355 1977 lp.
379 1895 450 1959 108.
484 1891 557 1957 Nisi
581 1893 711 1976 quidem
735 1894 844 1978 paullo
869 1895 967 1959 etiam
990 1895 1110 1960 rectius
1129 1895 1167 1971 de
1187 1895 1315 1961 saeculo
1335 1895 1444 1962 XVII

286 2000 446 2084 cogitabis
471 2003 605 2083 propter
628 2022 699 2063 eam
724 2021 805 2084 quae
829 1999 915 2065 infra
939 2001 1092 2066 afferetur
1114 2002 1412 2070 ratiocinationem.

374 2105 468 2171 Circa
490 2105 598 2189 ipsum
621 2110 729 2172 autem
752 2108 871 2192 reperti
895 2107 1012 2191 lapidis
1031 2112 1157 2193 tempus
1180 2111 1278 2175 etiam
1297 2110 1363 2176 alia
1387 2112 1444 2176 in-

286 2213 472 2297 scriptionis
494 2213 641 2298 ‚cxempla
664 2217 780 2297 parata
808 2235 877 2279 esse
905 2214 1024 2298 partim
1054 2221 1253 2299 compertum
1282 2221 1332 2282 est
1360 2241 1441 2302 par·

285 2321 346 2384 tim
368 2319 548 2405 probabile.
580 2320 625 2384 Et
643 2343 743 2384 unum
762 2320 890 2404 quidem
915 2321 954 2385 ad
977 2319 1231 2386 SraPuanvu
1251 2322 1440 2390 Plofflvar

285 2425 433 2509 pervenit
455 2426 501 2490 sic
525 2449 563 2490 ea
586 2426 625 2491 dc
648 2450 683 2490 re
707 2431 893 2492 narrantem
913 2429 1085 2494 Annalium
1111 2429 1202 2494 Rom.
1225 2433 1248 2495 t.
1270 2429 1302 2494 Π
1324 2453 1355 2514 p.
1374 2433 1439 2496 24:

288 2531 454 2616 ‘Reliquos
477 2554 562 2596 nunc
591 2533 625 2596 in
653 2555 691 2598 eo
720 2533 935 2619 characteres,
959 2535 1006 2599 uti
1036 2538 1161 2617 extant,
1184 2534 1439 2620 diligentissime

258 2637 464 2722 4descriptos
490 2661 577 2704 more
607 2661 664 2705 suo
688 2639 807 2724 Roma,
835 2662 910 2704 mox
938 2645 974 2706 ut
997 2641 1161 2706 inventum
1185 2663 1328 2707 marmor
1351 2645 1437 2708 crat’

286 2742 386 2830 (quod
413 2744 546 2810 Parium
575 2768 659 2829 esse,
692 2745 856 2810 ‘truncum
884 2746 964 2811 illud
992 2752 1089 2831 atque
1117 2747 1303 2813 contusum'
1336 2750 1436 2816 modo

286 2853 434 2936 dixerat),
459 2851 684 2916 ‘amicissimus
707 2873 797 2916 meus
821 2851 852 2916 N
858 2852 1009 2918 icolaus
1037 2851 1260 2920 Florentius
1289 2855 1435 2922 Batavus

287 2957 472 3022 Bruxellam
496 2957 536 3022 ad
559 2979 610 3022 me
629 2959 733 3023 misit:
756 2959 1023 3042 quemadmodum
1043 2960 1169 3026 solebat
1188 2966 1258 3026 tum
1277 2985 1435 3048 perquam

287 3067 435 3129 accurate
454 3064 549 3128 uobis
570 3065 805 3129 communicare
824 3087 935 3130 recens
954 3067 1088 3131 inventa
1105 3067 1236 3151 quaevis
1258 3092 1324 3136 non
1344 3072 1436 3155 prius

187 3232 199 3258 ι
287 3193 307 3234 a
330 3191 380 3233 me
403 3169 487 3251 visa,
511 3171 538 3234 si
562 3170 603 3234 ad
626 3173 810 3236 communia
832 3176 943 3237 nostra
967 3173 1074 3238 studia
1098 3175 1258 3259 pertinere
1281 3176 1436 3241 videban-

287 3274 360 3340 tur?
395 3274 505 3358 Ipsam
529 3281 638 3342 autem
662 3277 843 3342 columnam
863 3276 924 3364 (sic
946 3278 1033 3343 cuim
1052 3277 1209 3366 loquitur)
1234 3302 1306 3344 cum
1326 3280 1435 3366 ‘pau-

288 3381 341 3445 cis
365 3381 506 3448 abhinc
530 3384 641 3448 annis
666 3383 790 3448 Romae
813 3406 883 3450 ease
908 3389 1032 3449 erutam
1056 3408 1072 3449 e
1095 3385 1263 3452 ruderibus
1286 3387 1350 3454 fori
1369 3389 1434 3454 Ro-

288 3489 384 3572 mani,
407 3489 492 3554 inter
506 3487 741 3573 Septimianum
765 3513 873 3554 arcum
898 3495 931 3554 et
946 3489 1099 3575 Capitolii
1123 3492 1274 3558 radicem'
1297 3493 1437 3579 Pighius

287 3595 386 3679 dicat,
411 3594 520 3680 aliqua
544 3597 611 3660 fieri
636 3597 821 3662 coniectura
843 3601 1037 3682 potestque
1061 3599 1128 3662 fere
1145 3603 1290 3682 tempore
1309 3599 1437 3666 chartis

288 3700 367 3766 haec
396 3702 648 3786 consignaverit:
681 3703 807 3786 quando
835 3703 998 3786 publicam
1029 3704 1133 3769 lucem
1161 3705 1301 3788 primum
1325 3707 1438 3774 Anna·

287 3806 366 3870 lium
399 3807 551 3872 volumen
583 3807 669 3894 (cum
698 3808 899 3892 praefatione
928 3811 1004 3874 anni
1033 3809 1235 3896 croroxovn)
1268 3835 1352 3879 anno
1381 3815 1436 3879 dc·

289 3935 374 3977 mum
410 3905 585 3980 croloxcm
618 3913 714 3998 vidit,
752 3915 889 3980 alterum
927 3921 1003 4000 post
1039 3921 1176 3983 mortem
1211 3918 1290 3983 adeo
1324 3919 1437 4005 Pighii

289 4041 316 4083 a.
336 4035 494 4086 01o1ocxv
521 4019 650 4103 prodiit.
700 4018 763 4084 Sed
791 4021 908 4103 quibus
939 4023 1172 4106 supplementis
1205 4025 1311 4089 mutili
1344 4027 1435 4092 tituli

289 4128 469 4209 exemplum
506 4148 526 4188 a
557 4124 721 4191 Florentio
759 4129 926 4209 acceptum
958 4129 1177 4216 redintegrare
1211 4136 1344 4196 conatus
1372 4139 1437 4211 est,

289 4254 327 4296 ea
350 4232 495 4316 prolecto
518 4233 594 4297 sciri
618 4233 729 4316 nequit
752 4253 814 4314 quo
837 4237 982 4316 tempore
1013 4235 1059 4299 sic
1082 4238 1130 4302 uti
1153 4259 1236 4302 nunc
1259 4259 1289 4321 p.
1313 4239 1357 4303 26
1380 4263 1436 4304 cs-

289 4359 401 4419 pressa
434 4338 586 4422 leguntur
623 4338 862 4422 perscripserit:
895 4343 943 4421 ut,
981 4345 1089 4406 utrum
1122 4365 1180 4408 suo
1213 4343 1269 4408 illa
1300 4344 1435 4429 ingenio

290 4441 399 4506 omnia
422 4442 538 4508 debeat
561 4467 602 4508 an
626 4466 737 4509 eorum
761 4465 854 4509 curas
874 4469 966 4510 suum
984 4447 1020 4511 in
1040 4471 1132 4514 usum
1151 4451 1355 4535 converterit,
1377 4455 1436 4536 qui
