2948 5048
237 315 258 377 4
553 336 777 386 salaminiam
800 338 1070 389 smeanmucvn.

238 496 350 539 versus
374 479 463 540 tenet
486 483 519 542 et
541 502 581 544 ne
597 478 660 545 'eos
680 482 809 566 quidem
832 483 985 568 integros.
1019 466 1248 549 Gruteriariam
1268 485 1347 569 310,
1370 487 1387 550 l

238 584 272 643 et
294 581 422 664 plenius
450 589 483 647 et
511 585 699 671 diligentius
722 588 814 653 Rom.
839 590 906 654 cod.
936 589 1005 654 ead.
1028 611 1100 675 pag.
1124 594 1264 655 testatur
1287 593 1393 658 Msim

239 710 308 752 esse
331 710 400 754 aim
422 698 618 774 suprastantc
638 700 744 760 statua
760 698 892 779 airainis
915 696 1047 762 Vestalis
1068 702 1219 779 reptatam
1237 697 1394 765 intortis

236 795 344 860 Fater.
367 796 469 863 caesi-a·
496 800 531 863 in
553 800 715 881 Exquiliis
740 823 769 866 a.
797 804 895 884 1591,
919 805 951 866 et
974 802 1141 886 praeclara
1164 802 1392 870 emendatione

237 900 339 966 EIVS
363 926 392 967 v.
419 904 457 968 13
481 904 516 969 in
534 904 677 970 ΕΤΙΑΜ
695 928 848 972 converso
869 929 885 970 e
903 907 995 971 nulla
1013 908 1170 991 optimam
1191 909 1300 985 effecit
1318 933 1392 975 ver·

239 1008 353 1073 borum
372 1012 645 1077 constructionem
663 1013 762 1078 hanc:
782 1011 900 1079 Caeliae
919 1012 1105 1079 emmane
1130 999 1253 1096 Viraini
1272 1015 1394 1081 Vestali

237 1115 402 1181 Maximae
432 1119 537 1182 Fabia
566 1118 707 1185 Pan-lina
736 1119 769 1184 0.
791 1120 831 1185 F.
860 1125 997 1185 stainam
1024 1120 1202 1199 faciendam
1228 1121 1394 1186 conlocan-

211 1247 223 1285 5
237 1223 368 1304 dantque
386 1226 506 1289 manauit
518 1246 588 1290 anm
601 1230 728 1309 propter
742 1227 893 1309 careo-iam
907 1228 972 1292 ciris
982 1227 1167 1308 pudicitiam
1180 1227 1395 1311 inmanemque

159 1418 162 1423 Ι
238 1331 320 1394 circa
342 1332 458 1396 cultam
476 1333 616 1398 cliainnm
634 1334 834 1412 sanctitatem,
857 1338 923 1397 tam
940 1335 1022 1415 qnod
1037 1333 1109 1398 laea
1125 1334 1217 1415 prior
1235 1336 1301 1399 eins
1318 1335 1389 1399 uiro

237 1436 334 1502 Vettio
365 1439 483 1521 Aponio
515 1439 711 1506 Itaetentato
748 1441 782 1506 V.
815 1440 861 1519 0.,
894 1441 1000 1506 oceania
1036 1440 1205 1524 monetari,
1239 1441 1394 1523 dipnoqne

168 1546 170 1550 ’
237 1545 351 1607 etiam
382 1545 421 1609 ab
450 1544 626 1613 leninsmmli
652 1547 823 1630 viminibus
853 1552 883 1611 et
913 1548 1118 1612 sacerdotibus
1144 1547 1215 1630 coli,
1247 1551 1387 1612 stainam

239 1651 458 1737 emanarant)
495 1652 607 1718 Etiam
630 1654 844 1737 lapicidarum
862 1652 1003 1718 fabricas
1023 1653 1163 1718 Romani
1182 1652 1300 1718 codicis
1324 1654 1392 1718 eol-

239 1757 340 1823 lector
363 1763 616 1842 perreptaverat.
662 1760 705 1825 In
727 1762 815 1825 dorna
838 1762 999 1826 oainsdam
1023 1762 1174 1843 lapia'elae
1196 1761 1282 1842 apina
1303 1761 1394 1825 eccle

238 1864 319 1928 siam
341 1864 375 1929 S.
397 1866 524 1930 Mariae
551 1866 748 1930 Lanretmae
776 1888 795 1930 a
823 1889 857 1931 se
884 1872 1046 1951 repertam
1075 1887 1158 1932 nane
1178 1868 1232 1930 oia
1257 1865 1394 1933 Ostiensi

238 1973 272 2035 in
294 1972 370 2036 alta
393 1972 577 2038 Solomonia
601 1973 724 2037 servari
747 1977 888 2038 testatur
910 1974 932 2038 f.
957 1974 1048 2039 aeta
1067 1971 1294 2038 Gruterianam
1314 1975 1393 2058 625,

238 2077 269 2159 4,
289 2098 305 2138 e
323 2076 436 2141 Sancte
455 2077 600 2143 Caesario
618 2080 662 2143 ad
680 2079 814 2144 Tiberim
833 2084 1017 2164 promptam
1038 2080 1212 2145 secundum
1228 2078 1392 2145 Smetium

240 2206 290 2266 ap.
319 2188 408 2248 Grut.
457 2182 555 2250 Cuius
579 2208 607 2248 r.
636 2187 657 2250 2
685 2185 810 2250 ΡΟΜΡ.
839 2187 999 2271 integrius
1032 2186 1166 2270 praebet
1194 2208 1252 2270 pro
1281 2185 1394 2269 POM.‚

239 2285 313 2353 ab
343 2288 590 2365 QVAESTORI
621 2313 680 2374 pro
709 2290 948 2367 Qvnnsron
994 2291 1077 2356 Item
1108 2293 1144 2355 in
1169 2294 1223 2357 oia
1252 2294 1393 2374 armatam

238 2397 324 2479 amad
345 2396 515 2462 Macellum
539 2397 706 2463 Comatam
725 2404 753 2463 ct
775 2399 951 2463 colamnam
975 2399 1149 2463 Troianam
1171 2400 1393 2464 antedoniam

238 2505 399 2568 cniusdam
422 2504 572 2586 lapicidae
591 2503 820 2571 Gruterianam
838 2507 914 2589 407,
933 2506 962 2590 8,
986 2529 1083 2590 quam
1102 2504 1243 2570 Smetius
1263 2505 1393 2573 viderat

239 2613 274 2675 in
301 2613 390 2676 cinca
417 2611 582 2676 Francisei
608 2612 754 2676 Montani
782 2611 870 2676 Galli
898 2614 942 2677 ad
971 2613 1056 2677 aiam
1078 2613 1279 2678 Flaminiam
1301 2619 1394 2678 aetra

234 2722 360 2798 portam
378 2718 634 2783 Flumentanam.
668 2716 895 2783 Gruterianam
922 2719 994 2803 109,
1017 2720 1037 2783 6
1057 2720 1156 2784 codex
1174 2741 1238 2784 non
1257 2723 1391 2785 tantum

238 2825 274 2888 in
302 2824 424 2888 ecclesia
451 2822 484 2888 S.
507 2824 634 2887 Manae
660 2825 695 2887 in
722 2822 850 2888 Potina
877 2827 912 2889 in
938 2826 1005 2889 secie
1032 2824 1156 2890 Praese.
1183 2825 1298 2910 fuisse,
1328 2827 1387 2892 sed

239 2950 322 2994 necne
346 2951 416 2995 esse
439 2930 525 3011 apnd
546 2928 588 2995 D.
611 2929 658 2994 Io.
677 2930 838 2995 Andrean
860 2931 1033 2997 delinitis
1055 2936 1222 3014 memorat,
1245 2936 1391 2998 ceterum

239 3059 305 3101 non
329 3035 528 3120 discrepans,
557 3036 622 3099 nisi
651 3036 736 3120 quod
765 3037 880 3103 ultimo
907 3060 1002 3102 versu
1030 3039 1128 3122 plena
1155 3061 1234 3104 voce
1257 3038 1393 3104 exhibet

240 3141 530 3208 SVA·P·D·D
566 3143 596 3208 h.
634 3166 659 3208 e.
697 3139 749 3228 (ut
781 3167 832 3228 ap.
865 3143 1039 3210 Gruterum
1072 3144 1132 3229 75,
1171 3148 1198 3210 1.
1237 3147 1321 3230 194,
1357 3147 1390 3213 9.

194 3288 205 3305 -
238 3250 424 3314 lteinesium
439 3250 465 3332 1,
484 3248 549 3314 255
568 3247 662 3336 alibi)
680 3271 739 3315 sna
751 3252 886 3332 pecnnia
904 3252 1019 3316 alaeam
1039 3247 1104 3337 (vel
1123 3251 1215 3336 dato)
1233 3253 1393 3337 dederont,

238 3357 302 3421 nisi
337 3357 440 3421 mavis
477 3357 640 3440 (ledemari,
675 3358 881 3441 donaveram,
918 3358 969 3421 vel
1001 3358 1222 3424 ‹ledimvannt
1277 3359 1391 3443 Expli-

239 3486 311 3528 eare
339 3465 426 3528 enim
455 3464 535 3528 talia
567 3464 772 3546 quantumvis
799 3468 880 3529 nota
912 3465 1015 3529 satius
1044 3464 1207 3549 duximus,
1240 3465 1295 3549 qui
1323 3487 1392 3530 non

239 3572 376 3636 cruditis
399 3571 509 3655 potius
532 3593 628 3654 quam
652 3571 745 3635 vobis
775 3571 963 3636 scribamus.
989 3609 1026 3619 —
1052 3570 1104 3636 Ad
1134 3571 1264 3637 eosdem
1286 3570 1392 3636 laertes

246 3679 378 3744 coenobii
403 3677 436 3742 S.
464 3676 550 3741 Pan
576 3678 620 3741 ad
651 3677 782 3742 Vincula
809 3678 842 3741 in
871 3677 939 3743 cod.
967 3677 1073 3761 Rom,
1101 3678 1212 3743 eodem
1240 3677 1261 3742 f.
1289 3678 1393 3763 noea,

240 3790 336 3871 atque
360 3808 409 3868 ap.
434 3783 526 3849 Grut.
549 3784 627 3866 984,
655 3784 675 3847 9
704 3784 875 3868 utrobique
905 3785 1022 3849 mutila
1045 3784 1214 3869 inscriptio
1237 3782 1387 3867 refertur,

239 3895 328 3959 cuius
363 3916 391 3957 v.
419 3893 439 3956 3
471 3896 504 3955 et
532 3892 553 3955 5
576 3889 869 3956 PHILVMENAE
894 3913 910 3954 e
934 3891 1043 3957 codice
1066 3890 1301 3958 restituendum
1324 3913 1385 3974 pro

240 3998 516 4065 PHILOMINAE
553 3999 699 4063 inaudita
735 3998 858 4081 forma,
892 3998 944 4062 cui
985 4020 1052 4063 non
1084 3998 1161 4063 licet
1191 3997 1390 4082 praesidium

240 4109 350 4188 petere
379 4127 417 4169 ex
445 4104 525 4169 item
553 4109 704 4188 corrupto
728 4102 986 4168 PHILOMENO
1014 4127 1063 4188 ap.
1092 4103 1209 4169 Mutat.
1237 4103 1312 4187 070,
1338 4106 1389 4168 11.

241 4210 346 4287 Quid?
374 4212 458 4295 quod
488 4213 650 4277 dubitatio
679 4214 781 4276 restat
810 4211 908 4275 etiam
943 4211 981 4274 de
1009 4210 1259 4276 PHILVMINA
1282 4212 1390 4275 forma

312 4438 337 4510 *l
358 4438 442 4510 [Vide
461 4455 533 4492 nunc
552 4439 581 4492 0.
601 4440 626 4492 I?
641 4441 671 4493 L.
691 4440 738 4510 Vl,
759 4447 771 4493 l
792 4458 818 4495 n.
838 4446 916 4496 2145.
954 4441 983 4496 0.
1004 4441 1060 4513 W.]
