2948 5048
386 294 507 345 roseis
530 294 727 344 ssrvnumn
752 291 984 341 summamus.
1195 276 1259 341 303

672 437 702 502 5.

48 604 55 614 .
201 542 392 628 Agricola
413 544 465 609 vel
487 544 627 609 fortasse
651 545 812 609 colonus
837 543 893 628 qui
916 548 1016 626 esset,
1047 541 1094 642 sie
1116 541 1179 605 nisi
1202 539 1260 605 fal·
1364 540 1370 551 '

48 654 211 718 linur
233 644 317 712 (lato
341 647 488 714 definivit
510 646 634 736 (VIII):

10 760 32 811 ⁰
214 769 285 837 Vir
307 773 429 838 bdnus
454 776 526 857 cst,
548 773 677 840 Mtrce
699 773 776 853 fssi,
802 771 966 861 a-rtndssi
986 771 1152 857 peritus,

215 876 334 944 Cuius
358 880 598 946 ferramenta
621 882 828 966 sple‘ndent
872 899 1069 932 vvvv

44 1003 177 1074 nisi
199 1003 329 1088 quidem
351 1005 469 1071 mundi
491 1007 638 1087 verbum,
665 1007 751 1092 quod
778 1008 942 1091 proditum
970 1010 1019 1071 est
1047 1028 1066 1070 a
1090 1004 1201 1069 Servio
1223 1004 1259 1068 in

47 1112 210 1197 iserg.
234 1110 350 1196 Georg.
372 1111 404 1195 Ι,
421 1112 479 1196 46,
511 1113 661 1200 intellegi
689 1118 796 1179 autem
820 1114 889 1179 sine
913 1111 1115 1179 substantivo
1137 1110 1259 1194 nequit,

48 1217 224 1286 addita
259 1216 468 1284 Fleckeiseno
500 1218 580 1284 duee
612 1221 682 1304 apri
718 1220 851 1287 notione
887 1221 988 1286 males
1020 1219 1083 1285 hoc
1112 1218 1258 1302 exemplo

49 1345 255 1392 servare:

24 1442 27 1447 ’
144 1448 227 1514 Ἧι
249 1450 372 1515 b6nns
395 1454 467 1536 est,
490 1448 717 1535 Mdrcefili,
739 1488 762 1496 —
784 1450 912 1516 cdlere
942 1455 1075 1535 agrdm
1098 1447 1259 1534 peritus.

54 1572 205 1650 Quod
227 1573 376 1658 equidem
402 1574 566 1659 praeferre
598 1597 664 1640 non
692 1573 874 1639 dubitarem
901 1573 1060 1658 proiecto,
1092 1573 1120 1638 si
1137 1574 1259 1657 peritus

56 1678 262 1745 ediectivi
285 1702 358 1745 cum
381 1680 541 1746 infinitivo
566 1681 745 1746 constructi
765 1681 947 1765 exemplum
967 1680 1144 1764 antiquitas
1161 1679 1257 1746 Cato-

57 1784 211 1850 niana
232 1785 466 1871 suppeditaret.

203 2016 285 2082 Huic
309 2022 449 2104 cognata
472 2022 568 2103 atque
596 1913 788 2083 adef-hand
817 2017 913 2082 dubie
936 2017 1041 2082 vicina
1064 2017 1099 2080 in
1122 2012 1257 2081 Catonis

67 2123 253 2189 carmine
280 2123 343 2188 fuit
373 2125 546 2191 oratoris
576 2123 734 2208 definitio,
765 2125 892 2209 qualern
915 2118 1045 2209 praeter
1067 2121 1257 2199 Quinctiliu-

70 2245 196 2292 nun
217 2228 297 2295 lust.
325 2232 407 2296 orat.
435 2228 514 2315 XII,
535 2232 551 2295 l
581 2230 651 2301 init.
679 2234 713 2295 et
739 2229 880 2295 Plinium
909 2230 1015 2314 Epist.
1037 2228 1095 2314 IV,
1119 2231 1148 2314 7,
1171 2230 1192 2294 5
1214 2228 1257 2295 M.

74 2325 236 2401 Seneca
266 2335 472 2403 Controvers.
507 2336 564 2401 lib.
591 2336 608 2401 Ι
638 2334 773 2420 praefat.
805 2358 835 2420 p.
859 2337 901 2402 66
939 2336 986 2400 ed.
1017 2335 1196 2401 Amstelod.
1230 2360 1257 2400 a.

77 2450 326 2509 Glomcuxxn
348 2447 591 2509 commemorat
632 2441 769 2508 Videtur
793 2443 878 2506 enim
902 2441 1034 2508 Catonis
1058 2441 1137 2506 haec
1160 2443 1257 2507 ratio-

80 2537 232 2615 cinctio
259 2549 380 2634 fuisse„
403 2553 442 2615 ut
470 2550 660 2635 primarium
688 2572 757 2615 esse
786 2551 820 2614 in
848 2550 935 2614 omni
959 2550 1045 2614 vitae
1069 2548 1257 2614 condicione

82 2648 119 2707 0¹²
169 2656 310 2734 civitatis
333 2657 414 2721 bene
438 2657 636 2722 constitutae
660 2660 757 2740 caput
774 2657 876 2721 aarum
899 2655 1011 2720 bouum
1032 2676 1095 2720 esse
1117 2678 1256 2740 pronun-

82 2748 214 2865 tiaret
232 2785 366 2849 eamque
389 2763 582 2828 sententiam
605 2763 704 2828 variis
729 2763 885 2847 exemplis
909 2766 1145 2847 exsequeretur.
1185 2761 1258 2828 Huc

83 2859 217 2939 ¹gitur
236 2870 383 2956 apprime
406 2869 483 2934 talis
507 2869 682 2935 versiculus
705 2869 919 2934 conveniebat
940 2865 1030 2955 (VI):

206 2992 269 3059 Vir
294 2994 415 3061 bdnus
439 2999 512 3080 est,
533 2993 660 3060 Marce
682 2993 758 3078 fssi,
781 3031 803 3039 -
827 2991 980 3058 dicendi
999 2993 1163 3078 peritus,

82 3102 191 3178 sive,
212 3118 243 3182 in
268 3119 332 3184 fine
355 3119 530 3203 superioris
558 3140 669 3185 versus
697 3120 832 3183 orator
860 3118 1074 3201 praecedebat
1101 3120 1168 3183 sive
1199 3120 1257 3183 ali·

80 3227 235 3290 suasu
259 3226 359 3310 prius.
404 3224 496 3302 Quod
522 3225 716 3296 vocabulum
744 3225 806 3290 etsi
837 3225 948 3290 eudem
971 3246 1066 3289 versu
1089 3225 1185 3290 facile
1209 3226 1256 3290 sic

79 3331 378 3412 comprehendas:

246 3453 399 3541 Ordtor,
421 3454 549 3522 Mdrce
571 3453 649 3541 fili,
671 3493 694 3509 ν
716 3455 776 3522 uir
797 3457 941 3523 bonust
963 3456 1116 3522 dicendi

246 3560 400 3630 Peritus

80 3674 226 3750 lunen
249 3688 329 3755 illud
357 3689 431 3773 plus
460 3689 586 3774 gratiae
618 3692 651 3754 ct
682 3688 910 3754 concinnitatis
944 3687 1255 3773 commendationem
1272 3714 1297 3755 ru

86 3785 267 3860 umorem
290 3795 412 3861 habere
434 3795 535 3880 ipsius
557 3795 733 3903 fragmenti
757 3796 778 3859 5
802 3795 1002 3880 comparatio
1026 3794 1128 3861 docet

672 3956 701 4020 l.

210 4054 355 4148 Sequitur
384 4065 421 4127 ut
446 4060 546 4128 Nonii
573 4085 604 4146 p.
630 4061 693 4126 143
724 4060 947 4126 testimonium
978 4061 1206 4147 disceptemus,
1239 4083 1256 4127 e

114 4146 249 4231 Ossltnis
275 4165 469 4252 ‘praeceptis
501 4167 542 4233 ad
572 4166 687 4233 filium'
719 4167 800 4234 haec
827 4169 926 4233 verba
952 4170 1162 4253 proferentis:
1195 4169 1257 4236 ‘its'

126 4264 269 4338 meur
290 4279 324 4339 tu
350 4274 404 4340 uu
424 4275 529 4340 areu
554 4274 810 4340 medicatricem?
857 4274 945 4350 Quae
975 4275 1030 4360 qui
1053 4275 1254 4342 Boeckhium

10 4382 18 4431 l
134 4371 328 4460 probabiliter
349 4381 511 4446 rettulisse
534 4380 574 4445 ad
599 4382 804 4466 magnificam
828 4381 969 4447 delusis
988 4383 1105 4466 optimi
1123 4385 1255 4448 maximi
