3048 5144
476 419 626 465 risurus
652 419 857 466 inuramus.
1172 401 1234 464 177

166 549 325 622 Tertium
356 559 405 624 his
434 561 468 624 in
497 561 610 624 eodem
638 561 734 625 titulo
759 560 941 644 exemplum
965 558 1088 622 accedit
1110 556 1236 622 GALE-

77 661 276 728 GANDAM
305 689 364 750 pro
391 669 587 734 calcandam:
616 670 651 732 in
680 691 742 752 quo
761 666 924 760 ¹vocabulo
948 664 1100 729 omissam
1125 686 1234 747 synco-

74 793 150 853 pam
175 772 291 854 ipsius
316 775 395 838 artis
419 797 505 859 usus,
529 777 598 840 sive
622 774 787 858 opificium
811 773 917 836 dicere
941 772 1056 855 males,
1086 793 1143 855 per
1166 771 1234 836 lon·

75 878 146 962 gius
176 885 318 964 tempus
346 881 511 946 stabilivit.
557 881 594 947 Id
630 882 716 946 enim
742 881 791 944 ita
822 901 892 944 esse
924 879 1005 942 satis
1036 878 1238 960 intellegitur

75 985 200 1067 triplici
232 985 323 1048 Festi
351 988 557 1071 testimonio,
585 989 668 1052 unde
696 987 818 1054 Paulus
845 985 1009 1070 profectus
1037 1006 1068 1068 p.
1090 985 1132 1048 47
1157 984 1237 1048 haec

75 1092 201 1173 posuit:
231 1093 398 1156 cuticula
420 1095 561 1175 aedificio
584 1094 664 1158 cclcc
680 1094 790 1176 potito,
813 1094 931 1156 iterum
950 1115 981 1176 p.
1000 1091 1042 1155 59
1062 1094 1237 1158 calleatis

76 1198 154 1262 mlce
170 1199 303 1282 politis,
326 1200 425 1265 tertio
449 1201 521 1265 loco
545 1223 575 1284 p.
601 1201 910 1265 consarcinatum
937 1202 1018 1265 culce
1040 1203 1142 1280 litum,
1167 1202 1235 1286 qui-

77 1303 218 1370 buscum
255 1307 321 1370 iam
353 1308 411 1371 alii
433 1307 551 1372 Isidori
575 1308 761 1393 Placidique
785 1309 911 1392 glossas
936 1309 1142 1374 contulerunt
1165 1311 1236 1376 ‘de-

76 1413 179 1476 rolco
210 1413 336 1478 dcatbc'
367 1418 400 1478 et
427 1414 643 1479 ‘decalcutis
670 1417 706 1479 dc
733 1415 811 1480 cclcc
837 1413 970 1498 albata,
998 1416 1105 1498 ipsum
1129 1421 1234 1482 autom

78 1518 323 1584 Aletrinatium
353 1521 482 1586 titulum
507 1524 548 1588 ab
571 1522 657 1587 Aldo
681 1521 827 1586 Manutio
856 1523 890 1588 P.
915 1520 936 1587 f.
960 1528 1128 1606 acceptum
1152 1524 1235 1590 Iose

77 1624 158 1722 pbus
184 1625 344 1710 Scaliger
366 1628 557 1710 composuit

162 1733 290 1798 Monet
313 1739 422 1799 autem
446 1735 557 1799 eadem
580 1735 775 1800 colocandcm
798 1735 913 1819 forma,
936 1741 973 1800 ut
996 1737 1034 1800 de
1053 1741 1236 1824 antiquiore

77 1838 103 1902 Ε
126 1861 190 1924 pro
217 1839 371 1904 Ilittera
393 1841 518 1906 dicatur
541 1843 594 1906 vel
619 1843 695 1907 alibi
720 1843 805 1906 diota
823 1843 857 1908 in
877 1843 1067 1908 memoriam
1087 1867 1234 1910 revocen-

76 1951 134 2010 tur.
188 1948 304 2023 Quam
337 1946 371 2010 in
402 1946 464 2010 bac
494 1949 565 2031 ipsa
598 1971 676 2012 voce
709 1948 741 2012 iu
772 1947 861 2012 Festi
890 1947 934 2032 (h.
964 1971 989 2012 e.
1017 1948 1123 2034 Pauli)
1151 1954 1235 2018 libro

77 2056 312 2119 vetustissimo
337 2054 490 2138 scriptam
515 2077 550 2118 se
573 2057 755 2138 repperisse
780 2053 958 2120 Salmasius
982 2055 1121 2123 Plinian.
1149 2082 1236 2124 exer-

77 2160 164 2225 citat.
191 2185 226 2246 p.
251 2161 321 2226 868
352 2165 504 2244 testatur,
534 2163 667 2226 calceatu
691 2167 723 2226 et
749 2163 950 2228 decoloratam
979 2163 1068 2228 illinc
1092 2167 1237 2232 afferens.

76 2265 123 2332 De
147 2291 189 2332 eo
217 2268 327 2354 igitur
346 2289 471 2351 genere,
494 2268 583 2332 ouius
603 2272 771 2352 praeterea
790 2267 985 2334 SOLEDAS
1004 2272 1036 2333 eb
1053 2269 1235 2337 MERETA

78 2377 212 2440 suntin
240 2376 309 2440 hoc
332 2376 439 2458 titulo,
461 2376 500 2439 ad
525 2376 726 2461 epigramma
751 2375 910 2441 Soranum
934 2399 964 2460 p.
990 2378 1031 2440 15
1055 2401 1100 2462 sq.
1125 2383 1238 2463 [supra

78 2505 104 2564 p.
128 2483 214 2563 132]
241 2481 329 2566 dixi,
351 2483 451 2566 ipsius
476 2484 552 2548 anui
581 2483 710 2546 circiter
733 2483 798 2546 620
821 2483 940 2547 finibus
965 2483 1033 2546 eius
1057 2465 1152 2548 usum
1174 2491 1236 2548 ter-

77 2589 225 2653 minans:
261 2591 361 2672 atque
389 2587 558 2654 MERITA
590 2590 656 2653 iam
685 2581 785 2654 babe's
813 2591 848 2654 in
876 2590 958 2674 legis
986 2590 1236 2671 repetundarum

80 2695 257 2759 simillima
292 2694 432 2759 formula
464 2694 585 2759 AERA
605 2730 612 2744 ·
633 2693 936 2772 STIPENDIAQuc
954 2730 961 2744 ·
977 2693 1118 2758 OMNIA
1134 2731 1141 2743 ·
1160 2695 1237 2760 ME·

80 2799 209 2866 RITA·
236 2800 375 2866 SVNTo
398 2805 417 2881 θ
437 2803 488 2866 24.
534 2801 684 2866 Ceterum
708 2802 775 2866 illio
799 2825 870 2866 oum
894 2802 1061 2886 proximae
1084 2806 1160 2885 post
1183 2826 1237 2866 an·

77 2928 150 2972 num
179 2907 255 2971 620
287 2907 404 2970 aetatis
427 2907 479 2971 vix
506 2909 571 2972 tria
599 2931 650 2973 me
680 2909 826 2991 exempla
853 2907 1037 2972 meminisse
1067 2909 1236 2974 servatiE

79 3015 145 3078 soni
171 3014 315 3096 scripsi,
344 3012 381 3077 de
405 3015 492 3078 brevi
516 3013 621 3080 vocali
645 3013 800 3099 cogitavi,
823 3037 889 3078 noo
912 3013 951 3077 de
974 3014 1131 3098 producta
1154 3037 1236 3100 quae
1328 3073 1336 3090 ,

79 3117 137 3182 tuit
162 3119 215 3184 El
242 3119 427 3202 scripturae
451 3121 587 3186 uicaria:
611 3142 687 3183 nam
712 3119 807 3184 huius
826 3140 904 3184 sane
924 3120 1018 3202 plura
1037 3122 1184 3204 exempla
1202 3123 1235 3185 in
1317 3141 1337 3182 ι

79 3229 240 3308 promptu
268 3228 354 3307 sunt,
383 3230 418 3290 ut
439 3223 545 3290 IVRE
570 3219 799 3290 DEIOVNDO
822 3228 855 3290 in
878 3225 1304 3310 repetundarumlege,x1v

80 3329 268 3394 VETERE
299 3331 333 3393 in
365 3332 493 3417 agraria
520 3335 540 3412 ᾗ
565 3332 599 3415 6,
627 3329 841 3396 PAPERIVS
873 3331 992 3394 ibidem
1021 3334 1041 3410 ᾖ
1069 3333 1111 3395 42
1141 3332 1237 3414 inque

79 3435 284 3502 bodanensi
308 3436 332 3499 l.
355 3437 392 3502 u.
415 3437 454 3503 N.
482 3437 566 3502 1094
594 3438 671 3500 anni
695 3437 761 3501 625
790 3435 838 3519 [C.
862 3435 885 3500 I.
909 3435 943 3500 L.
967 3435 982 3499 1
1006 3457 1036 3498 n.
1061 3437 1134 3500 554.
1159 3437 1237 3508 5553

80 3541 109 3604 P.
131 3542 172 3606 L.
198 3541 246 3606 M.
271 3541 310 3605 E.
333 3543 399 3607 tab.
422 3542 479 3607 LV
499 3541 576 3608 Cet
599 3541 656 3624 D],
678 3541 816 3606 DEDIO
840 3540 918 3627 (huo
942 3541 1027 3604 enim
1051 3543 1137 3604 valet
1160 3540 1237 3604 DII·

80 3645 170 3735 DIO)
197 3648 235 3712 in
261 3645 425 3731 Capuensi
447 3650 533 3715 3569
559 3651 634 3716 anui
659 3649 723 3714 656
749 3647 798 3729 [O.
821 3647 846 3713 Ι.
869 3648 905 3712 L.
928 3648 945 3714 Ι
968 3671 998 3712 n.
1022 3649 1116 3732 570]‚
1145 3652 1181 3712 ut
1204 3649 1237 3711 in

80 3753 124 3818 bis
146 3775 241 3819 nunc
269 3753 454 3820 subsistam.

169 3859 357 3943 Aliquanto
377 3861 506 3945 diutius,
524 3883 621 3945 quam
641 3883 699 3946 pro
714 3863 804 3930 brevi
818 3863 831 3926 i
845 3865 1006 3926 servatam
1022 3860 1060 3942 E,
1074 3860 1106 3922 in
1123 3857 1237 3922 mediis

81 3966 256 4032 uocabulis
275 3965 304 4029 O
324 3968 481 4032 mansisse
499 3989 558 4051 pro
577 3969 755 4033 recentiore
768 3967 808 4049 V,
827 3966 947 4032 ibidem
967 3967 1168 4049 disputatum
1188 3968 1237 4028 est

82 4096 106 4156 p.
128 4075 174 4140 15
200 4075 320 4156 [supra
342 4096 373 4156 p.
395 4075 454 4138 131
477 4076 545 4160 sq.].
592 4075 696 4150 Quare
721 4096 792 4139 oum
815 4074 909 4138 facile
933 4073 1093 4158 quispiam
1113 4069 1237 4135 POPO-

81 4179 160 4244 LVS
187 4177 304 4264 potius
324 4199 419 4242 versu
444 4179 642 4262 paenultimo
673 4182 829 4266 scriptum
854 4182 1018 4263 exspectet
1040 4176 1151 4264 (quam
1175 4179 1238 4250 for-

1 4327 2 4374 q
82 4311 168 4352 mam
197 4308 275 4351 oum
300 4285 460 4368 piaculum
483 4285 549 4350 boic
573 4287 668 4366 sonus
691 4285 880 4350 Victorinus
908 4307 938 4368 p.
958 4286 1044 4350 2458
1074 4282 1237 4372 sociat*))‚

170 4447 196 4514 ’)
218 4441 442 4511 corruptissima
460 4441 543 4495 verba
556 4441 693 4496 Victorini
711 4443 780 4496 alibi
794 4441 943 4496 emendata
957 4441 1037 4495 dabo.
1052 4471 1080 4482 -
1093 4443 1125 4495 In
1140 4441 1238 4496 eadem

84 4550 179 4588 mursa
197 4531 338 4603 quoniam
356 4529 515 4584 Priscianus
533 4531 543 4583 l
563 4548 590 4598 p.
610 4537 661 4584 554
681 4548 744 4585 oum
761 4531 884 4599 potarem
902 4531 1008 4598 colpam
1022 4529 1164 4584 Herculem
1182 4530 1237 4583 for-

133 4641 175 4677 η
191 4637 351 4675 rrrsoasmr
370 4635 504 4672 oevsovra
522 4638 558 4674 rv.
992 4623 1023 4670 12
