3048 5144
334 358 397 421 110
681 395 683 398 .
708 374 857 424 rmvnvs
880 375 1099 422 nvnurauvs.

332 513 576 598 Protogenes
601 513 752 598 Cloulci
779 515 955 603 suauei(s)
980 517 1078 600 heic,
1105 515 1152 600 ei,
1179 515 1300 580 situst
1326 512 1471 592 mimus,

334 621 543 685 Plouruma
561 623 632 705 que
654 621 751 687 fecit
773 624 917 707 populo
941 623 1071 688 soueis
1095 621 1238 708 gaudia
1258 626 1389 704 eriges.

334 745 399 810 Vbi
423 747 517 811 nihili
540 752 591 812 est
613 748 699 832 qnod
723 748 827 812 editur
845 745 1012 812 Hercul:
1035 749 1063 812 ci
1081 747 1284 830 scripturam,
1306 766 1373 810 non
1393 744 1472 826 aspi-

334 855 438 916 ratam
461 853 510 918 luci
533 855 687 937 probavit
714 856 906 940 antiquitas:
934 853 1106 922 CLOVLei
1133 858 1242 919 autem
1271 851 1418 936 (prorsus
1440 855 1472 914 ut

333 955 556 1024 T·OLOVLI
590 965 639 1024 est
667 963 702 1026 in
732 961 888 1046 nummis)
922 963 989 1025 sive
1019 983 1129 1026 servus
1158 960 1226 1024 sive
1253 955 1392 1024 libertus
1415 957 1471 1021 dici

334 1063 534 1149 Protogenes
564 1068 697 1134 videtur.
743 1067 811 1134 Nec
839 1069 878 1132 de
906 1069 1015 1134 cauum
1037 1067 1250 1132 dubitandum
1275 1066 1354 1151 quin
1378 1065 1470 1130 habu·

333 1172 396 1236 erit
423 1173 501 1237 olim
530 1175 678 1240 ultimam
706 1174 909 1260 productam,
941 1177 978 1238 ut
1004 1173 1098 1239 tostis
1120 1174 1154 1238 in
1178 1172 1318 1239 oraculis
1342 1172 1471 1238 Praene-

334 1278 428 1344 stinis
452 1282 776 1364 supramemoratis:

446 1403 583 1470 Hostis
612 1405 784 1471 incertus
808 1405 851 1470 de
875 1408 980 1471 ce'rto
1006 1406 1091 1489 [ficu
1113 1405 1192 1470 nisi
1215 1407 1369 1490 ceineas,

335 1533 368 1592 ct
399 1530 539 1612 quisquis
561 1531 596 1595 in
627 1531 860 1616 epigrammate
890 1528 1094 1595 Salernitano
1127 1530 1207 1595 item
1236 1532 1315 1596 satis
1350 1535 1470 1595 vetusto

335 1633 465 1701 Gruteri
488 1659 518 1720 p.
548 1639 647 1722 1148,
674 1639 712 1702 17
738 1637 974 1722 Muratoriique
996 1660 1026 1721 p.
1053 1637 1151 1720 1743,
1180 1637 1222 1702 14
1245 1636 1290 1724 (n.
1313 1637 1402 1703 4838
1424 1637 1471 1700 0r.

335 1740 373 1822 [Ι.
397 1740 437 1808 N.
463 1741 606 1830 166])*):

378 1865 588 1954 Quisqn(is)
612 1865 701 1932 huic
725 1869 872 1933 tumulo
895 1867 1028 1951 posuit
1047 1869 1206 1934 ardente
1225 1869 1432 1946 lucernam,

285 2043 288 2052 ,
333 1996 368 2056 et
389 1995 518 2076 praeter
537 1991 603 2055 alia
622 1989 778 2074 quaedam
796 1989 919 2055 IOVEI
937 1992 972 2055 in
990 1994 1119 2080 speculo
1139 1993 1278 2058 Etrusco
1298 1993 1384 2077 apud
1403 1992 1472 2056 Ger·

333 2099 470 2164 herdum
497 2098 563 2162 tub.
590 2098 651 2160 147
683 2097 730 2177 [Ρ.
757 2097 792 2163 L.
820 2097 862 2163 M.
885 2097 923 2162 Ε.
947 2098 1012 2163 tab.
1035 2099 1052 2164 1
1076 2098 1120 2182 (ἔς
1148 2098 1182 2165 O.
1212 2099 1238 2163 Ι.
1261 2099 1295 2166 1.
1318 2099 1335 2164 I
1358 2124 1388 2165 n.
1411 2101 1471 2181 56],

334 2227 429 2289 quem
452 2202 687 2269 nominativum
711 2226 781 2268 esse
806 2206 964 2270 sociatum
984 2205 1035 2270 illi
1053 2205 1160 2272 IVNO
1180 2230 1298 2273 nomen
1318 2203 1470 2288 docet**)

333 2313 419 2378 Nam
442 2310 490 2376 ΕΙ
511 2311 632 2376 litteris
656 2311 854 2377 inveteratus
878 2335 967 2378 error
995 2319 1045 2378 eet
1072 2315 1221 2399 idemque
1245 2313 1469 2398 perniciosissi-

334 2440 405 2482 mus
437 2418 536 2482 etiam
564 2419 693 2482 brevem
721 2419 734 2482 i
761 2419 906 2483 vocalem
934 2420 1067 2506 antiqua
1095 2426 1203 2487 aetate
1230 2425 1354 2488 notari:
1386 2423 1469 2488 cuius

332 2526 380 2590 rei
418 2525 563 2608 exempla
599 2523 698 2608 longo
738 2546 776 2588 ex
813 2529 959 2609 tempore
997 2527 1162 2592 tralaticia
1195 2532 1253 2592 ant
1284 2529 1381 2594 fidem
1411 2551 1469 2593 non

333 2633 455 2698 habent
485 2635 543 2696 aut
575 2619 770 2694 contrariam
798 2630 831 2694 in
860 2635 986 2713 partem
1014 2633 1134 2697 valent.
1184 2633 1330 2701 Affertur
1360 2658 1377 2701 e
1405 2637 1469 2718 lege

334 2739 464 2825 agraria
487 2733 690 2818 QVEIBVS,
717 2734 802 2819 quod
832 2735 1041 2804 aBrissonio
1070 2739 1198 2805 demum
1227 2741 1391 2808 invectum
1417 2762 1469 2806 nec

334 2845 485 2930 Sigonius
523 2864 582 2907 nec
614 2840 754 2906 Vrsinus
790 2865 849 2908 nec
886 2842 1044 2910 Gruterus
1080 2867 1139 2911 nec
1177 2847 1398 2936 Goettlingius
1432 2846 1468 2926 ΙΙ,

333 2953 374 3016 37
405 2953 538 3031 norunt,
566 2946 620 3012 sed
649 2951 706 3011 aut
734 2947 792 3023 QV
817 2955 873 3014 aut
901 2952 927 3028 Q
955 2933 1092 3019 tedium.
1137 2955 1195 3020 Bis
1223 2957 1335 3021 eadem
1359 2953 1470 3032 QVEI-

333 3055 417 3122 BVS
454 3054 561 3120 forma
594 3057 700 3117 exstat
733 3081 809 3124 sane
842 3060 874 3122 in
908 3057 1102 3125 Reinesiana
1138 3063 1222 3147 apud
1253 3063 1411 3129 Orellium
1442 3082 1468 3123 n.

333 3165 433 3229 4404:
462 3164 517 3228 sed
539 3164 601 3230 hac
624 3167 679 3252 qui
703 3166 861 3231 confidere
885 3167 1027 3231 animum
1050 3167 1220 3252 induxerit,
1244 3169 1335 3253 legat
1357 3187 1468 3252 quaeso

333 3269 481 3336 Fabretti
516 3293 547 3355 p.
581 3273 645 3338 672
681 3293 726 3356 sq.
755 3276 788 3336 et
820 3272 1040 3337 narrationem
1076 3278 1109 3338 et
1140 3275 1409 3359 disputationem,
1437 3276 1469 3335 ut

334 3462 558 3532 interpunctione
582 3463 705 3520 ΗΕΙΟΕΙ
728 3463 881 3534 lapidarius
906 3465 1025 3532 sociavit
1048 3465 1225 3536 imprudens,
1253 3485 1364 3537 prorsus
1393 3469 1423 3520 ot
1443 3465 1467 3518 in

333 3551 364 3605 F
380 3552 409 3620 (i.
425 3568 449 3606 e.
463 3552 637 3608 Amiternino
656 3554 702 3608 vel
722 3552 861 3622 Aquilano
875 3553 1039 3609 Mommseni
1058 3554 1078 3608 l.
1098 3555 1130 3608 R.
1149 3555 1183 3609 N.
1200 3561 1277 3624 5765,
1298 3555 1327 3611 C.
1342 3557 1363 3614 Ι.
1378 3557 1407 3610 L.
1421 3554 1467 3607 111.

336 3645 413 3709 1287)
432 3641 478 3696 DL
502 3659 552 3711 pro
576 3641 705 3697 discretis
724 3642 779 3696 Dat
797 3643 911 3698 Latous.
949 3642 1012 3698 Non
1035 3641 1187 3712 aspiratum
1206 3645 1231 3698 ei
1253 3644 1466 3700 interiectionem

333 3729 398 3784 libri
411 3748 473 3800 ¹ma
502 3731 605 3786 vetusti
628 3732 816 3800 frequentant.
857 3731 1006 3786 Prosodiae
1032 3729 1168 3802 asperitas
1196 3749 1282 3802 prope
1310 3731 1417 3789 accedit
1436 3727 1467 3783 ad

332 3819 403 3873 illud
427 3836 514 3889 genua
537 3820 774 3888 hexametrorum,
804 3821 877 3890 qood
904 3820 934 3874 in
957 3819 1076 3875 sortibus
1095 3819 1202 3875 Latinis
1227 3821 1295 3889 (tub.
1319 3822 1345 3876 11
1371 3817 1466 3886 ol-Q)

332 3923 450 3977 regnare
469 3907 538 3962 alibi
552 3907 747 3963 demonstravi.
759 3952 765 3964 .
777 3949 800 3962 ..
821 3908 884 3963 Non
898 3907 1051 3964 excusabili
1064 3907 1180 3964 licentia
1192 3909 1295 3979 lapidis
1310 3905 1466 3965 Amiternini

334 3995 484 4051 memoriae
513 3997 722 4052 Isaohmannum
753 3997 879 4052 inludere
906 4015 923 4051 a
946 3997 1117 4052 Mommseno
1145 4001 1391 4054 commemoratum
1417 3994 1465 4047 iam

335 4086 352 4138 l.
372 4105 392 4140 a
412 4105 432 4141 s.
453 4085 537 4154 (Mon.
557 4085 644 4157 epigr.
663 4089 709 4155 tr.)
728 4105 755 4156 p.
774 4092 791 4139 4
810 4085 983 4143 sentiebam!
1024 4085 1053 4140 C.
1072 4087 1130 4159 W.]

423 4173 449 4242 *)
466 4173 549 4244 [Vide
568 4191 639 4243 quoe
659 4175 693 4229 de
712 4174 765 4228 hoc
784 4191 866 4228 versu
882 4173 1037 4244 disputavit
1051 4174 1221 4231 Ritecheliua
1240 4176 1329 4232 Musei
1349 4177 1429 4233 Rhea.
1448 4173 1464 4224 t

333 4259 397 4314 xlv
416 4261 499 4326 (inira
516 4281 543 4316 n.
563 4263 637 4332 xlv)
656 4281 683 4332 p.
702 4269 753 4318 397
773 4263 836 4318 adn.
875 4261 904 4319 O.
924 4263 980 4334 W.]

405 4349 448 4419 **)
466 4351 520 4405 Pro
539 4351 635 4407 dativo
654 4352 755 4407 IOVEI
773 4369 874 4406 nomen
892 4351 1053 4407 habendum
1071 4369 1131 4407 esee
1145 4353 1284 4409 intellexit
1297 4349 1464 4425 postmodum

334 4435 503 4493 Ititechelius
522 4439 619 4494 Iahnio
630 4443 742 4496 auctore
756 4443 785 4496 in
795 4440 868 4496 Mon.
879 4441 965 4511 epigr.
980 4442 1014 4494 tr.
1026 4441 1110 4510 (infra
1120 4460 1146 4497 n.
1158 4443 1194 4511 V)
1204 4462 1229 4513 p.
1241 4448 1274 4496 35
1285 4442 1349 4500 adn.
1374 4439 1403 4494 C.
1413 4435 1461 4502 Wl
