3080 5142
463 398 740 451 svccummmmcvn
764 401 810 450 111.
1145 385 1210 452 529

94 543 180 628 ipsam
200 541 279 611 Feac
307 543 479 612 lectionem
509 570 567 612 sua
594 547 657 613 fide
685 569 830 613 summae
863 547 897 612 in
924 547 986 612 hoc
1014 567 1131 633 genere
1163 547 1214 611 vir

94 651 273 716 auctoritatis
311 651 499 717 firmaverat
535 653 682 739 syllegae
717 652 900 718 Orelliauae
932 657 955 718 t.
978 652 1028 717 III
1063 676 1093 720 n.
1117 654 1213 719 6436.

93 757 156 822 Post
175 758 297 824 demum
321 763 472 843 coeptum
496 764 546 824 est
569 759 727 844 dubitari,
754 761 881 844 quando
904 761 970 824 iarn
992 758 1213 824 Mommsenus

93 858 194 942 (adnot
220 862 259 927 ad
289 885 318 947 p.
344 862 440 947 bblb)
471 867 638 949 quaerenti
671 867 733 930 sibi
766 867 806 932 ab
835 865 987 931 Henzeno
1019 865 1213 949 rescriptum

93 974 226 1034 memoret
249 969 274 1033 L
297 971 427 1035 litterae
450 977 577 1056 partem
596 972 781 1038 inferiorem
800 995 884 1038 nunc
903 972 1079 1037 desiderari
1102 976 1214 1053 totam,

94 1075 159 1157 quod
180 1081 286 1140 mrtem
308 1077 468 1162 reliquum
489 1081 574 1144 esset
592 1080 657 1144 tale
677 1079 828 1144 damnum
847 1101 989 1164 passum,
1011 1081 1134 1144 uttam
1154 1100 1212 1163 pro

94 1177 215 1264 liquam
237 1204 296 1266 pro
319 1182 355 1246 M
379 1184 482 1267 accipi
504 1189 628 1269 posset,
660 1185 723 1249 nisi
751 1185 892 1269 spatium
922 1185 1068 1250 obstaret
1094 1207 1214 1270 nequa

93 1307 169 1368 quam
190 1309 289 1371 capax
313 1290 472 1355 secandae
494 1291 624 1354 litterae
646 1289 787 1355 latioris:
816 1311 915 1376 quare
938 1293 1006 1356 tam
1030 1291 1093 1356 sibi
1116 1312 1213 1375 quam

92 1390 186 1458 Rosuio
215 1394 459 1460 subsistendum
493 1417 562 1460 esse
592 1398 627 1460 in
649 1395 733 1461 Feae
766 1396 905 1462 lectione
937 1397 1049 1462 videri.
1100 1395 1213 1482 Neque

93 1497 168 1563 aliter
192 1500 307 1584 lapidis
335 1502 525 1566 memoriam
548 1501 719 1568 Henaenus
747 1503 817 1588 ipse
846 1504 1006 1587 expressit
1034 1502 1069 1569 O.
1090 1502 1115 1567 Ι.
1139 1502 1173 1566 L.
1196 1503 1214 1567 Ι

91 1605 188 1684 plau.
219 1604 281 1672 Sed
294 1612 333 1672 ut
350 1608 402 1692 fic,
425 1608 531 1673 famae
550 1608 666 1674 similis
685 1610 823 1693 suspitio
842 1611 927 1674 vires
947 1609 1086 1692 acquirit
1100 1607 1213 1673 eundo.

92 1707 166 1775 Novo
187 1713 269 1776 enim
292 1714 439 1778 examine
458 1735 555 1798 quam
574 1714 856 1798 scrupulosissimo
876 1715 1027 1780 instituto
1046 1716 1112 1780 iam
1126 1715 1213 1780 Hen-

92 1836 169 1880 ucuus
186 1820 296 1884 scribit
314 1816 462 1904 (Bullett
486 1818 506 1883 l.
527 1841 551 1884 s.
570 1842 594 1884 s.
618 1842 648 1903 p.
662 1821 719 1906 60)
744 1842 812 1886 rem
832 1843 903 1886 esso
922 1821 1123 1906 perdubiam:
1146 1843 1213 1887 non

93 1921 187 1988 audere
208 1945 253 2008 se,
277 1946 350 1989 cum
373 1929 441 1989 tam
465 1925 577 2010 grana
600 1931 793 2011 argumenta
815 1950 874 2012 pro
895 1927 960 1994 eac·
980 1929 1047 2009 sulio
1069 1925 1213 1991 Minucio

91 2025 324 2096 llommeeniano
343 2037 497 2116 pugnent,
520 2032 702 2117 praefracte
721 2055 849 2121 negare,
867 2056 962 2118 posse
977 2033 1115 2107 fortasse
1133 2033 1213 2097 olim

93 2130 226 2218 (lpotius
249 2158 348 2221 quam
371 2136 397 2200 L
425 2138 581 2222 scriptum
609 2138 722 2204 fuisse:
750 2139 988 2204 concedendum
1017 2161 1088 2204 esse
1116 2139 1212 2204 certis

92 2240 173 2306 talem
189 2243 358 2308 lectionem
375 2244 590 2309 incommodis
610 2245 768 2328 laborare,
785 2265 867 2329 quae
886 2245 998 2310 definit
1016 2246 1212 2312 accuratius:

93 2347 134 2410 sed
154 2348 200 2414 bis
220 2353 331 2413 tamen
354 2349 613 2416 dubitationibus
641 2351 780 2416 fortasse
807 2373 874 2416 non
902 2375 971 2417 esse
994 2352 1132 2416 nimium
1155 2351 1212 2416 tri-

92 2451 241 2539 buendum,
271 2477 344 2520 cum
372 2456 533 2538 perfectae
563 2457 807 2541 aequabilitatis
834 2481 983 2524 normam
1004 2479 1071 2523 non
1093 2456 1212 2540 ubique

91 2563 177 2625 seruet
200 2563 344 2646 lapidum
368 2559 628 2647 Capitolinorum
657 2563 824 2647 scripture.
851 2601 888 2610 -
915 2563 1070 2628 Fideliter
1099 2561 1212 2626 rettuli

92 2685 156 2746 quae
167 2667 334 2733 Henzenus
358 2673 481 2734 testata
498 2669 589 2734 fecit:
612 2670 697 2736 unde
720 2693 779 2755 pro
803 2692 837 2734 se
861 2693 944 2735 unas
967 2669 1111 2754 quisque,
1135 2668 1212 2754 quid

91 2773 270 2853 potissimum
288 2775 486 2858 sequendum
500 2779 602 2860 putet,
622 2776 807 2858 arbitretur,
825 2798 890 2842 non
908 2775 1078 2840 immemor
1091 2779 1212 2858 tamen,

92 2878 236 2945 obeuntum
258 2881 471 2965 integriorem
491 2902 588 2966 quam
607 2903 693 2947 nunc
713 2885 762 2945 est
780 2882 886 2965 ipsum
904 2883 1046 2966 lapidem
1066 2881 1212 2967 potuisse

92 2984 177 3050 alles
196 2987 339 3053 tractari.
380 2986 463 3051 Mihi
486 2987 617 3072 quidem
639 2987 678 3052 de
701 2986 825 3052 duabus
848 2988 945 3052 rebus
969 2991 1112 3071 constat,
1135 3008 1212 3072 qua·

91 3109 145 3154 rum
170 3093 267 3157 altera
295 3092 336 3157 ad
364 3115 494 3157 sensum
522 3079 693 3178 quendam'
714 3094 795 3178 veri,
829 3093 869 3158 ad
902 3099 1025 3159 certum
1056 3095 1266 3160 iudiciumxn

91 3195 172 3262 ultera
201 3200 292 3264 redit.
348 3198 474 3283 Quippe
506 3200 545 3264 de
577 3199 642 3266 alio
675 3200 738 3264 nisi
771 3201 810 3264 de
843 3201 975 3265 consule
1003 3201 1046 3266 M.
1070 3199 1211 3266 Minucio

91 3305 198 3372 omnino
221 3304 429 3390 cogitandum
452 3327 519 3371 nom
542 3327 622 3389 cese,
645 3306 677 3370 id
696 3306 825 3389 quidem
848 3306 1058 3371 minimedum
1081 3307 1211 3371 demon-

91 3411 204 3475 stratum
231 3434 302 3478 esse
332 3411 529 3477 confidenter
557 3412 697 3476 affirmo:
729 3413 849 3476 sentire
877 3435 928 3477 me
956 3413 1002 3478 aio
1029 3413 1143 3495 fateor,
1175 3415 1213 3476 ut

91 3513 234 3599 aliquanto
258 3518 333 3602 plue
351 3517 593 3602 probabilitatis
611 3517 732 3582 habere
750 3517 793 3586 M.
808 3518 943 3583 Minucii
962 3517 996 3583 C.
1011 3519 1033 3582 f.
1056 3541 1121 3584 non
1140 3541 1212 3584 con·
1344 3521 1349 3538 '

91 3619 153 3685 aulis
177 3623 369 3689 dictaturam
397 3645 608 3708 perseverem.
654 3623 857 3709 Quamquam
889 3630 1012 3690 certam
1042 3625 1211 3690 scientiam

91 3726 143 3790 veri
162 3727 296 3796 libenter
319 3731 459 3796 concedo
482 3753 581 3816 penes
605 3732 692 3797 soloe
716 3732 793 3796 deos
817 3754 896 3797 esse.

153 4045 188 4113 In
201 4049 309 4115 eadem
324 4051 458 4116 tabula
473 4050 493 4115 1
509 4051 597 4132 [XV]
605 4073 702 4137 quam
718 4047 817 4115 subB
832 4051 1074 4133 repraesentavi
1089 4051 1212 4136 speculi

91 4145 188 4219 Cosani
209 4157 454 4242 inscriptionem
473 4153 762 4239 PROSEPthIS‚
785 4156 824 4221 de
847 4177 885 4220 ee
908 4177 949 4219 ne
967 4179 1053 4221 nunc
1073 4157 1211 4242 quidem,

91 4251 165 4324 lectis
182 4284 259 4346 quae
279 4287 298 4329 a
312 4262 516 4328 Mommseno
531 4262 611 4326 Add.
626 4284 656 4346 p.
670 4262 735 4326 554
754 4259 1008 4326 diuersissimam
1031 4263 1066 4328 in
1085 4269 1212 4349 partem

90 4363 190 4447 scripta
203 4373 284 4453 sunt,
299 4369 511 4435 aliteriudico
523 4373 620 4453 atque
634 4363 904 4451 p.x1v[5oosq.]
919 4367 1126 4435 iudicandum
1142 4392 1212 4436 esse

90 4465 221 4539 intellexi.
255 4475 342 4542 Nem
365 4475 421 4541 ille
445 4497 517 4541 cum
542 4497 614 4540 eam
637 4474 777 4540 formam
792 4472 905 4538 ‘rideri
928 4473 1113 4558 hybridam’
1133 4477 1212 4542 dicit

132 4593 166 4629 ra
184 4597 329 4634 mrscnauu
348 4598 482 4634 orvscvnn
506 4599 542 4634 ιν.
962 4584 996 4632 34
