3080 5142
460 395 740 446 svernsuaunvu
764 396 810 444 ιν.
1144 379 1208 444 547

68 564 94 623 p.
111 541 176 606 338
202 540 356 606 editionis
375 537 569 626 Parisinae),
593 539 737 605 dubitari
759 561 894 624 prorsus
916 561 983 606 non
1001 543 1111 624 potest
1134 539 1211 624 quin

66 648 104 711 sit
125 647 260 712 novicia
282 647 393 712 frende
424 650 458 712 et
480 648 526 712 eis
549 647 679 732 quidem
707 647 912 730 temporibus
935 646 1073 712 conficta
1095 646 1212 730 quibus

65 754 221 818 usitatam
252 752 301 818 SP
329 757 443 818 notem
470 752 616 837 imperiti
645 753 776 837 quidem
804 753 979 837 antiquarii
1009 754 1044 818 in
1071 757 1213 818 mentem

65 860 261 925 eduxerunt
287 880 352 924 non
376 857 622 924 seuouuuvs
651 859 858 943 interpretari
890 860 945 924 seu
970 841 1211 924 essentum

65 969 138 1030 setis
175 967 306 1050 inepte:
343 969 541 1052 quapropter
573 966 755 1031 rectissime
788 966 822 1030 in
853 965 1010 1030 felsarum
1041 987 1213 1030 numerum

65 1071 287 1137 Mommsenus
309 1072 439 1136 rettulit
461 1095 491 1155 p.
511 1073 576 1138 200
589 1093 613 1136 e.
648 1071 738 1155 Ergo
758 1071 819 1138 hoc
844 1071 960 1135 saltem
979 1073 1127 1167 exemplo
1146 1095 1213 1137 non

65 1179 146 1262 licet,
170 1179 265 1263 quod
281 1179 460 1264 Borghesio
479 1179 615 1262 placuit,
639 1178 793 1261 probare:
816 1177 939 1243 factum
963 1199 1033 1242 esse
1056 1201 1212 1244 nonnum-

65 1308 153 1368 quam
176 1289 218 1350 nt
242 1307 311 1350 non
334 1307 392 1350 suo
408 1290 577 1370 tempore,
599 1285 655 1348 sed
679 1285 846 1370 aliquanto
871 1287 947 1368 post
969 1283 1097 1348 demum
1119 1306 1212 1368 pora-

64 1397 169 1456 rentur
192 1393 491 1458 inseriberenturve
515 1392 566 1456 vel
586 1392 702 1455 saltem
722 1391 951 1474 supplerentur
968 1394 1120 1474 tesserae,
1144 1392 1211 1456 sive

65 1501 94 1562 in
120 1520 241 1563 caussa
271 1519 359 1562 mera
388 1497 509 1561 oblivio
537 1496 601 1560 fuit
629 1497 697 1561 sive
725 1497 947 1561 deficientibus
980 1497 1110 1563 omnino
1138 1497 1210 1580 ipso

65 1604 133 1668 editi
160 1604 344 1689 spectaculi
371 1608 531 1687 tempore,
558 1625 695 1686 quorum
723 1604 856 1668 nomina
884 1603 1110 1688 scriberentur,
1137 1627 1211 1669 oon·

66 1711 191 1775 sulibus.
237 1709 311 1786 Qus
332 1709 388 1774 ille
411 1709 596 1774 coniectura
618 1731 696 1774 usus
719 1708 918 1775 Heineisnae
940 1715 1081 1775 tesserae
1104 1714 1212 1794 patro-

66 1818 175 1882 cinium
201 1817 352 1900 suscepit
373 1837 456 1901 quse
480 1815 561 1880 haec
585 1819 635 1882 est
648 1813 682 1881 Ο.
697 1815 722 1881 I.
735 1815 771 1880 L.
790 1817 806 1881 Ι
824 1839 856 1902 p.
868 1818 929 1882 197
950 1817 1055 1882 n.733
1071 1816 1211 1898 [Ritsohl

66 1925 144 1989 Teos.
168 1924 262 2008 glad.
284 1946 316 1988 n.
334 1924 404 2004 22]:

396 2090 866 2156 PILODAMVS

411 2351 881 2358 ———-—-—-—-——-—·-—-—--

373 2352 896 2457 ‘saun-uu-u-uns‘

433 2503 538 2509 --—-
553 2504 616 2509 -.—.
635 2503 682 2510 ---
731 2501 893 2508 -———-·····-·

396 2503 866 2610 urst-euno

67 2735 213 2804 Consules
242 2739 332 2803 enim
361 2739 437 2803 anni
462 2739 524 2804 701
553 2738 597 2804 Μ.
616 2737 785 2803 Valerium
809 2738 997 2804 Messallam
1020 2735 1075 2802 On.
1098 2735 1209 2803 Domi-

66 2844 135 2910 tium
158 2844 340 2912 Calvinum
362 2867 434 2908 cum
459 2842 573 2910 Cassio
593 2843 698 2909 Dione
722 2843 795 2928 XL,
816 2844 855 2909 17
878 2847 911 2908 et
928 2844 972 2908 45
995 2843 1209 2928 Appianoque

66 2949 89 3014 b.
109 2953 164 3016 civ.
191 2953 235 3016 19
264 2950 404 3015 testibus
432 2954 596 3015 constaret
622 2972 733 3015 mense
762 2951 891 3015 demum
916 2949 1069 3036 Qninptili
1092 2973 1209 3017 munus

67 3059 284 3142 capessivisse,
308 3057 402 3122 fidem
420 3057 497 3122 huic
514 3061 658 3122 tesserae
678 3057 810 3122 omnino
830 3057 1043 3142 derogaverat
1057 3056 1207 3125 Clemens
1221 3082 1257 3122 1x

67 3159 255 3230 Cardinalis:
286 3163 321 3228 in
349 3187 412 3249 qna
440 3165 468 3229 is
492 3165 654 3229 sententia
681 3163 782 3228 etiam
805 3167 882 3246 post
905 3162 1078 3248 Borghesii
1101 3164 1209 3250 dispu-

67 3272 212 3337 tationem
237 3272 387 3355 perstitit
408 3270 632 3356 Diplometum
659 3270 737 3355 imp,
760 3293 791 3354 p.
813 3271 876 3335 123
896 3292 942 3354 sq.
969 3293 1000 3334 u.
1020 3271 1094 3336 220.
1139 3269 1208 3335 Neo

67 3397 131 3442 sene
153 3380 229 3462 plus
255 3378 346 3442 valet
369 3378 502 3442 eandem
525 3378 559 3442 in
581 3381 707 3462 partem
729 3376 893 3461 prolatum
918 3399 938 3440 a
958 3375 1139 3460 Borghesio
1164 3377 1208 3441 al·

66 3487 157 3550 terum
181 3485 430 3570 documentum,
455 3486 541 3570 quod
564 3485 620 3550 ille
645 3506 661 3549 e
684 3488 807 3549 tessera
825 3483 994 3548 Parmensi
1016 3482 1047 3546 h.
1062 3504 1087 3546 e.
1106 3504 1207 3566 prope

66 3588 203 3658 Parmam
239 3595 372 3676 reperta
404 3590 501 3673 petiit
533 3587 567 3675 (l.
591 3611 616 3654 s.
639 3613 662 3654 s.
693 3613 724 3674 p.
751 3589 814 3654 196
842 3611 873 3654 n.
893 3590 955 3654 731
992 3589 1094 3669 [Tess
1123 3590 1207 3674 glad

372 4105 864 4225 *sefuuffolu‘*

395 4297 862 4382 suentensem

68 4475 98 4542 ld
119 4481 203 4546 enim
227 4477 415 4560 exemplum
440 4477 503 4542 etsi
527 4477 671 4563 aliquem
698 4479 764 4542 vim
786 4477 907 4542 hebere
931 4497 968 4543 eo
991 4480 1136 4558 tempore
1159 4474 1206 4539 vi-

939 4579 994 4635 aa*
