2948 5048
435 130 643 178 ulrruoavn
667 129 932 192 lurrowssmrs
1188 111 1253 176 283

111 267 302 338 Muellerum
326 273 485 360 Bergkius
510 296 539 357 p.
554 271 634 338 VIII
657 275 782 338 tutatus
808 276 870 356 est,
900 273 1081 356 spectantia
1102 271 1163 335 illa
1185 271 1253 356 qui·
1269 291 1294 329 1⁰

115 375 182 444 dem
212 379 253 444 ad
283 378 398 445 Ianum
427 381 532 445 deum.
578 379 670 446 Vnde
698 380 760 444 etsi
787 403 852 444 non
880 401 957 442 sane
981 378 1121 443 efficitur
1147 379 1254 461 ipsum

116 478 225 551 lenum
244 508 314 552 esse
333 487 388 571 qui
403 485 565 552 Creatoris
589 488 719 552 nomine
740 487 899 551 diceretur
923 486 1123 568 simplicIter,
1146 489 1255 549 tamen

122 589 164 654 ria
187 593 305 656 saltem
324 591 513 675 expediendi
536 592 643 658 KERI
666 593 755 657 illius
774 594 936 676 patefacta
955 600 1013 656 est.
1047 592 1150 668 Quam
1170 590 1255 654 ultra

122 702 298 775 persecutus
328 697 549 763 Mommsenus
579 699 616 763 de
647 699 721 763 dial.
749 699 822 763 Ital.
850 722 880 783 p.
904 700 965 762 133
996 698 1133 763 conlatis
1163 696 1254 783 Oscis

121 799 214 868 terri
242 805 365 869 kerrii
394 804 505 869 formis
534 806 695 870 intellexit
718 828 855 890 aequare
879 809 971 870 vetus
1000 828 1108 870 cerus
1137 826 1255 869 nomen

116 912 288 975 recentiore
312 933 372 975 usu
394 912 635 996 frequentatam
659 912 795 997 genius
819 912 956 976 formam
980 912 1217 995 notionemque.

201 1016 309 1082 Minus
338 1022 445 1082 eutem
472 1016 610 1083 feliciter
637 1019 741 1083 eidem
770 1018 902 1083 Secchio
930 1019 978 1083 illi
1009 1041 1060 1082 res
1094 1019 1191 1082 cessit
1222 1018 1256 1080 in

102 1125 354 1208 interpretando
389 1122 598 1189 AECE'IIAI
630 1126 767 1190 nomine.
827 1125 930 1200 Quam
963 1125 1056 1189 deam
1093 1146 1164 1188 oum
1196 1146 1255 1207 pro

95 1232 281 1313 Aegeria
317 1233 441 1315 accepit
477 1233 528 1296 vel
560 1232 704 1316 Egeria
739 1231 942 1315 formamque
971 1231 1143 1295 Etruscam
1176 1230 1257 1295 dixit

92 1337 237 1403 latinae
265 1337 439 1422 Aegedia
471 1337 625 1402 vicariam
658 1360 738 1421 quae
771 1337 974 1420 postmodum
1007 1337 1191 1401 transiisset
1222 1337 1256 1400 in

89 1442 160 1506 Ae
171 1443 292 1526 geria,
314 1443 501 1527 responderi
524 1444 644 1527 poterit
667 1443 846 1528 dupliciter.
878 1443 946 1508 Nee
965 1443 1051 1507 enim
1071 1445 1104 1506 in
1123 1442 1255 1527 reliquis

88 1546 229 1614 horum
252 1551 441 1634 poculorum
471 1551 627 1634 exemplis
651 1551 781 1615 Etrusci
809 1550 966 1614 sermonis
994 1548 1213 1634 (abhorrentis
1237 1571 1256 1614 a

89 1654 292 1721 mediarum
315 1679 394 1740 quas
414 1657 619 1743 grammatici
638 1663 754 1722 vocant
773 1658 1019 1722 consonantium
1038 1654 1256 1739 mollitudine)

90 1763 286 1846 vestigium
310 1764 411 1828 ullum
435 1767 582 1847 apparet,
611 1786 670 1828 nce
694 1764 726 1827 in
750 1765 853 1829 letina
876 1765 1001 1849 lingua,
1023 1768 1060 1827 ut
1083 1785 1160 1827 sane
1182 1784 1201 1826 r
1223 1763 1256 1827 in

90 1864 127 1939 d,
167 1867 220 1932 ita
241 1870 404 1935 contraria
427 1870 649 1935 vicissitudine
673 1873 695 1936 d
716 1872 748 1936 in
771 1894 789 1947 r
812 1855 929 1935 mutari
958 1870 1088 1936 solitam
1113 1891 1256 1967 cpmper·

92 1970 265 2041 tumeat.
301 1975 472 2060 Siugulere
497 1981 546 2040 est
569 1977 654 2040 enim
678 1980 762 2062 quod
786 1978 970 2043 medidies
995 1978 1156 2042 exstitisse
1180 1981 1256 2042 ante

95 2081 295 2147 meridies
325 2081 430 2148 Varro
453 2086 593 2149 testatur
621 2085 660 2149 de
683 2084 703 2147 l.
727 2086 782 2149 lat.
805 2084 866 2166 VI,
885 2086 919 2148 4:
951 2085 1040 2150 euius
1066 2084 1256 2149 mutationis

97 2195 261 2253 calamam
284 2189 349 2255 iem
375 2188 487 2256 Cicero
512 2190 600 2256 Orat.
624 2192 758 2274 47,157
784 2191 945 2256 intellexit
968 2191 1105 2256 iteratac
1129 2191 1165 2254 di
1194 2192 1256 2274 syl·

99 2279 213 2357 lssbac
233 2295 459 2362 insuavitatem
484 2299 593 2365 fuisse.
640 2299 841 2384 Quamquam
867 2299 965 2363 simili
990 2298 1068 2362 olim
1094 2299 1257 2363 sententia

103 2382 333 2469 Mommsenus
357 2405 457 2470 fuisse
479 2406 602 2471 videtur
621 2407 659 2470 de
679 2406 753 2470 dial.
772 2406 844 2470 ltal.
864 2429 895 2489 p.
911 2406 963 2470 28.
993 2405 1256 2470 Diversissimam

109 2494 209 2570 llam
235 2510 397 2595 ingressus
430 2511 614 2577 Gerherdus
645 2512 843 2577 Aecetiam
875 2513 1149 2596 interpretabatur
1176 2515 1256 2575 tem-

114 2620 218 2684 quam
245 2616 387 2702 aliquam
421 2617 609 2683 Auctarium
642 2619 693 2683 vel
725 2620 906 2684 Acctanam
939 2618 980 2683 ab
1013 2623 1104 2683 aceto
1137 2618 1257 2683 dictam

120 2706 375 2808 ltlssiggottin')
404 2725 438 2788 in
462 2729 632 2790 comment.
656 2724 694 2789 de
718 2726 786 2789 deis
809 2726 1021 2790 Etruscorum
1052 2726 1138 2791 edita
1160 2723 1258 2790 Bero-

121 2811 180 2882 llssi
207 2831 330 2894 a1847
354 2852 385 2913 p.
405 2831 448 2894 25
467 2852 526 2913 sq.,
559 2831 750 2915 Aegostus
775 2831 938 2897 Acastus
966 2833 1098 2897 nomina
1121 2852 1257 2895 comme·

125 2941 247 2999 morans
270 2936 455 3000 obscuriore
479 2939 687 3020 comparandi
714 2938 968 3003 ratiocinandive
996 2939 1145 3003 artificio
1192 2936 1257 3000 Sci-

125 3027 204 3098 llsset
228 3041 358 3106 mirifico
392 3064 524 3126 prorsus
557 3044 704 3107 acumine
735 3045 912 3128 Aegestum
944 3045 1051 3127 illum,
1088 3045 1142 3128 qui
1173 3033 1258 3106 rllba

129 3133 237 3210 missus
257 3169 327 3212 esee
345 3148 515 3213 Lavinium
539 3154 699 3234 narratur,
722 3151 763 3214 ab
788 3172 825 3215 eo
849 3151 1048 3234 appellatum
1072 3173 1151 3232 esse,
1174 3149 1258 3232 quod

129 3251 283 3336 tamquam
306 3276 456 3338 praeesse
485 3260 575 3321 aceto
605 3260 639 3321 et
666 3258 788 3320 muriae
816 3261 849 3321 et
875 3258 982 3340 pemis
1011 3257 1258 3340 petasonibusve

134 3347 274 3444 soleisque
301 3361 480 3426 muriatiois
508 3361 697 3447 (‘Schinl‹en
726 3364 791 3426 und
816 3362 1055 3447 Pblrclflcisch’)
1083 3367 1260 3451 putaretur,

135 3473 323 3554 persuaserat
345 3468 407 3532 sibi
432 3468 613 3533 Klausenus
637 3468 675 3532 de
695 3469 804 3533 Aenea
827 3474 859 3532 et
883 3468 1057 3533 Penatibus
1080 3468 1113 3533 II
1137 3491 1166 3550 p.
1186 3467 1260 3533 689.

135 3572 259 3654 Aquali
286 3579 469 3640 commento
496 3574 583 3639 haud
610 3575 658 3638 ita
685 3575 823 3640 multum
852 3576 1057 3640 abhorruerit
1084 3576 1110 3638 si
1139 3575 1194 3658 qui
1222 3575 1260 3637 de

137 3680 276 3762 Segetia
299 3682 360 3746 dee
378 3683 499 3767 cogitet
517 3686 551 3745 et
568 3681 713 3745 conferre
739 3681 900 3766 Segesta
923 3681 1068 3765 Egesta
1092 3681 1261 3765 Aegesta

132 3790 242 3860 formas
264 3790 405 3853 animum
429 3788 571 3852 inducet:
595 3809 709 3871 parum
734 3788 765 3851 id
789 3786 917 3870 quidem
941 3788 1150 3852 considerate.
1185 3786 1261 3851 Non

129 3892 280 3966 dubitabit
302 3899 382 3979 puto
402 3894 451 3958 vir
474 3894 687 3959 amicissimus
716 3895 750 3958 in
778 3896 940 3976 nostram,
968 3891 1063 3957 simul
1088 3896 1185 3976 atque
1209 3915 1261 3956 au-

125 4001 231 4086 dierit,
261 4002 456 4066 senteutiam
484 4003 669 4067 concedere:
710 4023 768 4065 neo
797 4000 883 4064 euim
910 4022 983 4064 mea
1013 4002 1075 4083 est,
1112 3998 1167 4063 sed
1197 4022 1261 4064 uno

120 4122 265 4193 tempore
291 4129 365 4172 oum
394 4108 434 4172 eb
459 4108 578 4172 Iacobo
607 4107 782 4191 Bernaysio
814 4129 921 4172 coram
951 4110 1021 4171 tum
1050 4127 1108 4189 per
1135 4106 1261 4170 litteras
1275 4132 1301 4168 a·

116 4245 139 4291 a
161 4214 332 4282 Theodoro
356 4214 558 4279 Mommseno
586 4235 711 4278 mecum
745 4213 988 4278 communicata.
1036 4212 1177 4290 Quorum
1205 4212 1261 4277 ille
