3074 5138
154 415 202 462 na
227 415 491 465 uacuruarroun
516 417 663 478 Quanam
686 417 818 466 usurus
841 417 1116 470 aaoounrrroaa.
1161 401 1224 466 461

89 559 214 642 qnidam
237 581 300 624 non
323 561 357 626 in
382 561 544 645 scriptura
565 564 708 648 tantum,
732 563 787 627 sed
811 563 845 626 in
868 561 941 647 ipsa
961 562 1076 647 lingua
1094 563 1253 660 mansit:-

89 666 138 749 qui
161 670 212 730 est
235 668 401 752 genetivus
421 665 586 734 Corneli.
621 667 707 733 Hinc
732 669 817 734 enim
841 669 923 734 illud
945 669 1164 753 repetendum,
1188 669 1226 732 de

89 793 145 855 quo
168 775 279 858 magni
301 773 443 839 Bentleii
465 776 585 840 virtute
607 795 692 839 nunc
719 775 805 839 inter
833 796 944 840 omnes
967 777 1111 858 constat,
1142 774 1226 858 quod

90 880 359 946 substantivorum
382 882 418 945 in
444 867 506 945 ἦέ
539 884 572 945 et
595 865 675 946 iuni
698 881 913 946 desinentium
937 882 1121 967 genetivum
1146 868 1227 945 anti-

89 986 173 1069 quior
196 986 310 1073 lingua
327 1009 505 1072 numquam
524 987 630 1052 linivit
648 988 814 1072 geminata
836 989 874 1066 ii,
898 988 954 1052 sed
973 1009 1037 1053 una
1055 987 1195 1071 simplici
1214 987 1228 1048 i

90 1092 195 1156 vocali.
236 1092 305 1158 Nee
329 1093 415 1158 enim
438 1093 657 1158 dubitabimus
681 1094 759 1179 quin
783 1093 823 1159 ad
847 1095 1099 1160 masculinorum
1121 1115 1226 1158 exem-

90 1197 170 1279 plum
194 1199 303 1282 prisca
324 1201 473 1265 latinitas
498 1201 596 1266 etiam
614 1204 731 1266 neutra
754 1202 801 1266 sie
819 1201 1022 1268 formaverit:
1045 1201 1224 1266 consilim

91 1303 273 1391 consili(s)
306 1307 449 1372 consili
481 1307 675 1372 consilim:
707 1308 773 1372 nisi
801 1308 888 1392 quod
915 1309 949 1373 in
976 1309 1166 1393 pronomine
1194 1329 1226 1372 m
1348 1395 1349 1400 ἵ

90 1410 207 1476 litterae
231 1413 317 1478 vices
341 1415 364 1478 d
390 1414 514 1498 littera,
546 1418 582 1478 ut
609 1414 643 1478 in
671 1414 707 1478 id
736 1415 827 1498 quid
855 1415 953 1498 quod
982 1415 1081 1480 illud
1109 1414 1226 1498 istud,

90 1517 130 1580 itu
150 1518 184 1580 in
213 1519 293 1583 alid
321 1519 485 1585 sustinuit.
535 1519 722 1605 Eademque
748 1520 846 1604 plane
874 1543 938 1604 qua
965 1523 1040 1587 alis
1069 1521 1148 1586 alid
1175 1545 1227 1586 ra·

92 1623 168 1687 tione
189 1625 223 1690 is
247 1625 300 1709 id,
328 1625 417 1710 quis
444 1625 534 1711 quid
556 1631 726 1711 reguntur,
753 1626 832 1692 item
855 1632 892 1692 ut
915 1627 1092 1693 accusativi
1121 1629 1227 1714 alim,

91 1753 138 1794 em
158 1733 220 1814 im,
244 1755 368 1817 quem:
399 1733 558 1818 persimili
581 1715 680 1799 etiam
703 1733 772 1799 ille
797 1733 871 1819 (pro
895 1734 983 1800 illes
1006 1740 1044 1801 ut
1063 1733 1225 1802 (lornele
1337 1780 1342 1789 ·

93 1859 141 1919 pro
164 1837 366 1928 Corneles)
390 1845 486 1926 atque
509 1839 624 1904 illud:
647 1841 732 1924 quod
756 1861 858 1926 genus
882 1863 976 1906 omne
995 1842 1047 1906 hic
1067 1843 1225 1926 explicare

92 1942 212 2028 longum
232 1949 291 2010 est.
310 1981 353 1992 —
374 1944 523 2012 Genetivi
545 1945 648 2032 igitur
671 1947 809 2031 speeiem
827 1947 936 2031 illam,
958 1946 1126 2032 Corneli,
1149 1949 1224 2033 quid

94 2050 197 2114 mirum
220 2053 249 2116 si
274 2073 348 2116 cum
371 2051 556 2117 nominibus
580 2051 720 2136 propriis
751 2053 848 2118 etiam
877 2053 1110 2138 appellativum
1133 2077 1225 2119 voca-

94 2156 191 2222 bulum
213 2159 290 2224 alis
314 2179 518 2224 communem
535 2158 674 2224 habuit?
702 2159 732 2223 A
751 2182 815 2244 qua
832 2161 938 2228 forma
956 2161 1225 2248 quemadmodum

95 2267 172 2329 retus
199 2266 315 2352 lingua
342 2287 414 2330 cum
441 2265 476 2330 in
500 2264 715 2331 declinatione
745 2289 878 2334 casuum
904 2273 975 2334 tum
1003 2269 1039 2334 in
1066 2267 1224 2354 fingendis

94 2371 196 2437 aliter
232 2372 333 2438 alibi
371 2371 515 2458 aliquis
557 2373 707 2457 aliquot
747 2373 972 2458 aliquantus
1015 2375 1224 2461 aliquando

95 2479 270 2562 compositis
294 2478 441 2564 profecta
464 2482 523 2562 est,
545 2480 594 2543 ita
616 2480 758 2545 indidem
782 2480 873 2545 duxit
896 2482 1055 2546 alimodi
1079 2480 1155 2566 (hoc
1176 2485 1225 2545 est
1241 2503 1266 2540 rs

96 2582 137 2644 ali
161 2583 278 2670 modi)
305 2589 389 2649 teste
412 2583 501 2649 Festi
529 2585 674 2668 epitoma
696 2608 727 2669 p.
746 2587 838 2668 28,2
865 2589 1007 2671 positum
1036 2609 1095 2671 pro
1124 2587 1224 2652 alius

96 2689 180 2754 nodi
211 2689 280 2775 (ael
308 2690 393 2775 quod
423 2691 536 2756 ecdem
563 2691 648 2756 redit
678 2709 737 2776 pro
770 2693 840 2758 alii
873 2694 997 2782 modi).
1050 2692 1112 2775 [Cf.
1140 2693 1225 2757 infra

96 2813 119 2874 p.
133 2795 215 2878 lta]

465 3277 839 3348 AVCTARIVM.

171 3435 217 3503 De
245 3435 453 3521 Sallustio,
485 3413 579 3524 quem
607 3441 676 3523 p.9
705 3441 784 3522 [452
803 3445 863 3527 sq.]
888 3439 1041 3523 tractavi,
1068 3461 1119 3504 res
1152 3439 1225 3525 ipsa

99 3547 193 3606 monet
209 3551 247 3610 ut
261 3545 359 3610 etiam
377 3565 512 3630 pergam
526 3545 758 3612 ratiocinando.
782 3547 814 3611 ls
828 3549 914 3612 enim
932 3552 1003 3612 euin
1023 3547 1104 3611 illud
1123 3567 1224 3632 genus

99 3643 231 3729 loquendi
249 3651 431 3736 frequentet
445 3650 531 3736 quod
544 3652 578 3716 in
592 3653 821 3737 componendis
836 3651 1104 3737 conectendisque
1124 3653 1223 3719 alius

100 3757 281 3832 pronominis
295 3757 409 3823 formis
418 3758 571 3842 cernitur,
581 3781 646 3844 qua
659 3759 790 3824 tandem
805 3759 902 3843 plane
917 3759 1075 3844 singulari
1089 3759 1223 3824 libidine

100 3877 152 3924 uno
172 3864 240 3929 solo
262 3864 297 3928 in
319 3865 392 3932 loco
415 3865 491 3931 alis
514 3865 687 3930 admisisse
707 3864 862 3949 credetur,
885 3865 920 3929 in
939 3866 1053 3930 ceteris
1073 3866 1223 3932 omnibus

102 3969 173 4033 omni
194 3993 231 4036 ex
253 3975 346 4055 parte
368 3971 528 4037 similibus
548 3971 651 4036 eidem
669 3971 794 4038 formae
818 3971 941 4037 aditum
960 3973 1224 4037 constantissime

101 4077 314 4151 praeclusisse?
350 4077 459 4143 inhia
487 4079 559 4145 dico
588 4101 669 4164 qnae
702 4083 778 4145 sunt
809 4081 892 4146 ulios
920 4081 1019 4145 alium
1047 4078 1117 4146 Cat.
1140 4081 1170 4165 6,
1193 4081 1223 4146 5.

103 4177 144 4260 43,
163 4181 190 4247 2.
215 4183 265 4266 52,
288 4183 340 4248 28.
370 4183 439 4271 lug.
462 4185 515 4269 53,
538 4187 568 4252 8.
598 4187 651 4270 66,
673 4187 704 4271 3,
735 4187 900 4252 ulicaale'i
923 4184 1064 4272 Cauca,
1085 4189 1112 4270 1,
1140 4188 1223 4252 ultus

103 4281 149 4346 alii
165 4287 309 4366 fautoris
337 4289 406 4357 (lat
424 4293 478 4376 22,
495 4293 526 4377 2,
562 4294 645 4359 alias
672 4294 735 4359 alio
762 4315 846 4359 merc
873 4291 943 4378 Cat.
962 4295 992 4378 6,
1011 4296 1041 4374 2,
1077 4295 1161 4361 aliae
1187 4295 1223 4359 ire

105 4387 155 4452 elie
173 4392 237 4480 lug.
255 4397 350 4482 60,1,
373 4400 456 4465 alias
478 4399 517 4464 ab
539 4399 606 4464 aleb
622 4405 715 4483 parte
736 4401 806 4486 Ing.
825 4402 896 4485 101,
915 4402 945 4484 2,
967 4402 1051 4467 alius
1068 4401 1132 4466 alio
1151 4399 1221 4488 lug.

12 4547 14 4588 ,
108 4493 148 4578 12,
162 4499 188 4563 2.
213 4503 263 4588 50,
281 4505 310 4569 5.
359 4504 399 4570 In
425 4506 477 4571 his
510 4507 611 4591 igitur
638 4509 788 4594 quotiens
818 4508 891 4573 alis
924 4510 1070 4592 posuerit
1099 4513 1222 4579 neseio:
