3080 5142
301 339 366 404 512
533 352 680 403 ramosa
702 351 930 402 mummius
953 351 1213 402 suessonicis

299 495 374 560 Nisi
396 495 480 580 quod
503 517 599 559 versu
629 493 732 559 altero
760 493 860 558 etiam
883 491 1089 558 DlODORus
1114 515 1195 576 moy.
1218 515 1291 576 aqu.
1314 495 1370 559 vel
1395 496 1457 559 ali·

299 602 377 688 quid
399 602 504 666 simile
527 601 683 686 scriptum
707 622 778 666 esse
800 601 917 684 potnit

388 920 517 986 Abhinc
543 919 709 986 biennium
738 941 811 984 curn
838 917 943 985 Musei
973 918 1084 1002 philol
1107 917 1255 984 Rbenani
1279 920 1345 985 vol
1369 920 1455 986 XVI

299 1051 330 1111 p.
349 1028 415 1094 612
440 1030 553 1111 [snpra
575 1049 605 1112 p.
623 1028 704 1108 491]
729 1027 770 1092 ad
793 1025 935 1109 lapidem
957 1023 1254 1091 Praenestinum
1277 1027 1360 1091 satis
1383 1049 1454 1092 me·

300 1134 493 1200 motabilem
517 1134 660 1198 animum
679 1131 906 1214 advertissem,
927 1153 1022 1214 quem
1046 1131 1146 1196 etiam
1168 1153 1254 1196 nunc
1278 1137 1409 1198 exstare
1436 1157 1454 1198 e

299 1239 467 1307 Garruceii
495 1241 528 1305 in
556 1239 673 1305 Annal
701 1238 777 1302 inst
810 1237 901 1304 arob.
925 1241 947 1302 t
972 1235 1099 1302 XXXII
1129 1261 1161 1322 p.
1185 1238 1248 1302 237
1282 1239 1454 1304 mentione

299 1347 496 1432 didicissem,
519 1368 594 1412 mox
616 1345 765 1430 precibus
788 1345 869 1410 meis
892 1347 1097 1430 expugnatus
1118 1341 1301 1410 Guilelmus
1324 1345 1455 1412 Hence-

298 1475 359 1518 nus
383 1452 576 1518 transmisso
605 1452 673 1516 eius
698 1451 787 1516 tituli
810 1455 927 1535 ectypo
952 1434 1123 1516 chartaceo
1153 1471 1219 1516 non
1243 1451 1456 1518 mediocriter

299 1581 351 1624 me
375 1559 438 1633 sibi
462 1579 533 1623 esse
556 1558 740 1624 devinctum
765 1557 876 1640 voluit.
908 1557 978 1634 Quo
1002 1557 1151 1643 exemplo
1173 1557 1272 1622 etiam
1297 1561 1367 1621 tum
1382 1555 1453 1624 Ro-

299 1687 371 1730 mae
395 1667 523 1730 servato
542 1663 732 1730 Theodorus
752 1663 972 1730 Mommsenus
995 1687 1072 1730 usus
1095 1663 1208 1749 paucis
1231 1663 1270 1728 dc
1290 1685 1329 1727 eo
1348 1663 1454 1728 titulo

299 1772 579 1838 commentabatur
605 1771 638 1835 in
662 1769 867 1836 ‘Bullettino’
890 1771 969 1836 lust.
993 1769 1079 1836 srcb.
1103 1770 1237 1836 a.1862
1268 1791 1310 1834 m.
1334 1767 1455 1834 Martii

298 1901 329 1962 p.
348 1879 390 1945 38
411 1899 457 1962 sq.
494 1876 583 1953 Quae
607 1876 786 1961 disputatio
809 1899 882 1942 cum
906 1880 1012 1942 certos
1034 1875 1192 1961 quosdam
1219 1876 1389 1960 scrupulos
1416 1877 1456 1940 in

299 1984 407 2049 animo
437 2006 508 2048 meo
536 1983 735 2067 reliquisset,
767 2006 787 2047 a
813 1984 971 2068 singulari
992 1982 1138 2050 Henneni
1167 1983 1323 2052 comitate
1350 1983 1455 2048 focile

298 2091 509 2176 impetratum
537 2093 589 2154 est
615 2093 652 2155 ut
674 2111 794 2154 novum
816 2089 851 2154 in
881 2111 958 2154 usus
982 2111 1071 2155 meos
1095 2091 1244 2173 ectypum
1267 2094 1458 2174 pararetur,

299 2220 363 2283 quo
387 2219 459 2261 cum
482 2197 589 2283 priore
612 2195 669 2260 illo
692 2195 845 2280 religiose
868 2195 998 2262 conlato
1017 2196 1117 2261 talem
1140 2217 1225 2261 nunc
1248 2196 1383 2262 titulum
1408 2197 1457 2262 ad

298 2305 404 2388 ipsam
436 2302 532 2367 fidem
568 2301 717 2366 scribtis
756 2306 999 2386 repraesentare
1036 2302 1131 2368 licuit
1165 2302 1297 2386 qualem
1333 2303 1458 2368 tabula

298 2413 412 2476 nostru
435 2409 495 2474 sub
518 2407 553 2474 B
576 2408 715 2474 exbibet.

387 2515 570 2582 Hauseram
594 2520 702 2580 eutem
725 2515 794 2580 eius
817 2514 1040 2601 inscriptionis
1067 2514 1220 2580 notitiam
1243 2537 1261 2580 e
1284 2513 1458 2582 Leonardi

299 2620 448 2689 Oecoonii
477 2623 620 2708 episcopi
647 2620 877 2688 Montaltensis
906 2619 1027 2686 ‘Storia
1057 2621 1089 2686 di
1113 2620 1311 2687 Palestriua’
1334 2622 1457 2690 Asculi

251 2746 285 2788 V1
300 2753 328 2796 a.
350 2731 434 2795 1756
458 2729 558 2814 edita,
582 2729 638 2814 qui
661 2709 1255 2813 1111111111*οη1110111111111110
1277 2749 1393 2812 presso
1419 2729 1458 2796 la

299 2833 417 2900 Chieso
439 2835 526 2900 della
548 2834 712 2900 Madonna
739 2833 814 2898 dell'
838 2832 971 2918 Aquila’
998 2837 1123 2900 testans
1151 2833 1214 2900 hoc
1242 2835 1313 2900 eiua
1342 2857 1455 2902 exom-

297 2941 388 3028 plum
411 2940 521 3025 posuit
542 2963 573 3025 p.
593 2941 635 3004 39
660 2937 818 3022 [=c.1.
841 2939 876 3004 L.
900 2938 916 3003 I
938 2962 969 3004 n.
990 2940 1045 3024 733
1069 2940 1108 3006 cf.
1132 2939 1215 3006 Add.
1237 2963 1270 3026 p.
1289 2941 1388 3024 5541:

652 3095 1084 3164 Aucuouufl

652 3220 1088 3288 11111110...

661 3344 921 3412 uicissim
930 3395 1088 3412 ......
1206 3314 1210 3324 ’

661 3467 970 3535 conlvuuo
1017 3517 1086 3535 Η.

662 3557 1087 3678 oiuwuiuil„.

660 3733 1084 3800 niiuu0....

1218 3557 1285 3606 ‘tuce

256 3965 267 3986 ‚
297 3897 390 3964 Vnde
413 3897 577 3982 profectus
600 3894 762 3960 Petrinius
785 3895 820 3960 in
839 3893 1007 3960 ‘Memoris
1029 3893 1218 3959 Pronestine
1240 3894 1391 3980 disposts
1414 3899 1450 3963 in

297 4007 404 4072 forma
426 4005 458 4069 di
483 4001 617 4085 annali',
644 4000 767 4066 Romae
790 3999 966 4085 publicatis
990 4001 1135 4085 01795,
1162 4001 1271 4067 minus
1295 4009 1450 4070 accurate

296 4112 429 4195 repetiit
450 4133 482 4195 p.
500 4110 566 4176 333
586 4129 617 4173 u.
632 4106 675 4172 25
699 4107 866 4174 etiterum
886 4131 917 4192 p.
931 4109 993 4174 341
1015 4129 1046 4174 n.
1062 4107 1114 4191 76,
1136 4112 1298 4193 repertam
1320 4109 1449 4194 ‘presso

296 4217 427 4282 l'antico
455 4211 550 4281 Foro’
579 4213 697 4278 dicens.
750 4213 861 4280 Fraoti
888 4212 922 4279 in
949 4213 1029 4279 duas
1061 4219 1170 4300 partes
1203 4215 1323 4298 lapidis
1351 4216 1449 4282 valde

297 4322 469 4387 dolendum
494 4323 545 4387 est
566 4317 752 4384 inferiorem
780 4323 906 4403 partem
936 4319 984 4384 ita
1006 4320 1055 4384 uti
1078 4319 1192 4386 tabula
1212 4325 1329 4385 nostru
1351 4321 1451 4388 docet

297 4429 331 4493 in
354 4428 460 4494 medio
483 4449 579 4493 versu
602 4426 879 4510 antepaenultimo
903 4425 1064 4491 divulsum
1086 4447 1172 4494 nunc
1193 4424 1340 4511 periisse.
