3048 5140
494 419 709 468 raouomurs
732 418 870 468 noanrs.
1191 401 1256 466 319

77 557 295 625 habituram
319 559 431 644 fuisse,
457 562 494 626 in
518 584 581 647 quo
606 567 727 628 certam
749 561 800 626 illi
824 561 933 626 sedem
955 561 1112 645 pristinae
1134 559 1254 625 formu·

78 669 136 734 lae
162 669 381 734 consuetudo
405 671 528 735 fixerat.

105 841 116 864 ⁸
182 775 391 861 Postquam,
413 777 491 861 quid
514 773 635 842 Caesar
656 776 860 861 praecepisse
883 775 1041 858 videatur,
1064 773 1254 858 disceptavi-

81 905 179 966 mus,
215 881 262 946 de
286 887 426 968 cognato
448 883 635 948 testimonio
658 881 702 946 Μ.
725 881 829 947 Tulli
853 880 1052 948 Ciceronis
1082 881 1255 946 videndum

80 997 135 1052 eat
163 989 266 1074 qnod
291 992 343 1054 est
365 989 398 1053 in
422 988 559 1054 Oratore
583 1011 651 1072 cap.
669 990 712 1053 47
737 991 757 1070 ξ
783 989 856 1067 157,
879 987 934 1053 sed
957 987 990 1052 id
1013 992 1046 1052 et
1068 1010 1088 1052 a
1111 986 1255 1052 librariis

81 1098 246 1180 pessime
269 1095 421 1161 habitum
444 1096 579 1161 necdum
607 1097 641 1160 in
664 1096 828 1181 integrum
859 1096 900 1160 ab
924 1094 1103 1160 editoribus
1126 1095 1254 1158 restitu-

80 1207 172 1268 tum.
210 1203 263 1267 Et
278 1200 470 1269 Ciceronem
493 1202 550 1268 illo
574 1203 679 1287 capite
703 1206 832 1267 constat
854 1202 889 1266 in
912 1201 1091 1267 coversari
1109 1205 1155 1284 ut,
1178 1201 1257 1286 quid

83 1309 120 1372 in
146 1308 347 1374 formandis
369 1309 537 1374 vocabulis
561 1308 784 1375 consuetudini
807 1307 933 1374 aurium
957 1307 1076 1373 iudicio
1100 1309 1254 1372 obsecun-

84 1415 188 1479 danti
217 1415 368 1480 dandum
391 1416 435 1479 sit
458 1420 585 1500 praeter
608 1415 740 1501 regulae
768 1415 820 1480 vel
848 1415 1018 1499 veriloquii
1041 1415 1256 1499 severitatem,

85 1523 199 1587 variis
228 1523 390 1607 exemplis
414 1527 654 1607 persequatur*
675 1522 789 1608 Itaque
813 1523 852 1587 de
875 1522 971 1587 idem
996 1523 1185 1606 pronomine
1208 1524 1255 1588 sic

86 1651 169 1694 eum
196 1629 322 1713 scripti
344 1628 420 1693 libri
443 1632 476 1693 et
493 1628 707 1695 vetustissimi
724 1628 875 1716 impressi
893 1629 1114 1713 disputantem
1133 1629 1258 1695 faciunt

87 1743 128 1801 ut
154 1735 253 1800 infra
277 1736 373 1820 posui
396 1736 507 1801 addita
528 1737 707 1821 scripturae
725 1737 941 1820 discrepantia
961 1758 1008 1821 ea,
1031 1738 1121 1801 cuius
1140 1735 1256 1820 aliquis

88 1843 125 1907 in
150 1865 231 1908 rem
255 1845 406 1907 nostram
429 1866 507 1909 usus
530 1849 595 1909 est:

161 1948 263 2014 idem
289 1947 419 2035 (isdem)
443 1972 575 2034 campus
603 1951 704 2016 habet
730 1950 837 2034 inquit
858 1950 985 2016 Ennius
1013 1954 1046 2015 et
1068 1951 1103 2014 in
1124 1950 1255 2034 templis

34 2112 43 2124 .
164 2056 261 2120 idem
288 2055 417 2140 (isdem)
444 2056 606 2141 probauit.
653 2061 687 2122 at
715 2056 834 2121 eisdem
863 2053 1008 2140 (iisdem,
1036 2053 1153 2140 isdem)
1186 2060 1256 2120 erat

164 2163 300 2246 uerius,
333 2181 391 2226 nee
421 2167 530 2228 tamen
563 2162 680 2228 iisdem
710 2159 842 2248 (isdem,
871 2161 1006 2247 eisdem)
1039 2165 1076 2226 ut
1107 2163 1256 2246 opimius.

165 2271 262 2334 male
288 2268 426 2334 sonabat
448 2268 565 2333 iisdem
588 2268 718 2354 (isdem,
741 2265 887 2354 eisdem).
931 2269 1141 2353 impetratum
1165 2257 1214 2334 est
1237 2292 1257 2334 a

167 2375 411 2442 consuetudine
433 2378 470 2439 ut
492 2397 626 2460 peceare
650 2375 822 2442 suauitatis
847 2397 945 2441 causa
966 2376 1087 2442 liceret.

92 2485 140 2550 Et
166 2485 257 2550 haee
281 2482 409 2568 quidem
433 2482 478 2547 sic
501 2483 625 2567 scripta
651 2483 928 2567 quidelenderet,
955 2486 1083 2566 praeter
1105 2480 1256 2545 Peterum

97 2593 353 2674 Wellerumque
382 2611 477 2655 nemo
506 2590 646 2656 exstitit:
680 2610 816 2674 quonum
843 2593 993 2655 tortuose
1019 2586 1256 2672 interpretandi

94 2698 250 2764 artificia
274 2718 341 2762 non
363 2695 521 2760 inutiliter
549 2697 652 2761 oeulis
680 2696 894 2779 perlustrabit
916 2695 985 2781 qui,
1013 2695 1090 2779 quid
1119 2717 1138 2760 a
1167 2699 1256 2759 recto

94 2813 130 2870 et
155 2827 246 2871 sano
266 2825 402 2888 pravum
426 2808 458 2868 et
476 2825 664 2887 perversum
686 2802 793 2886 distet,
814 2803 955 2868 notabili
973 2802 1119 2886 exemplo
1138 2820 1256 2886 cogno·
1334 2783 1340 2794 i

95 2932 195 2976 scere
219 2909 320 2974 volet.
359 2907 551 2994 Negandum
576 2914 625 2975 est
649 2912 757 2974 autem
781 2909 952 2994 quicquam
976 2909 1047 2974 sani
1071 2931 1088 2974 e
1111 2907 1256 2975 codicum

96 3017 269 3082 memoria
291 3015 376 3080 effici
404 3016 468 3082 nisi
490 3039 529 3082 ea
550 3017 606 3082 via
628 3037 725 3102 quam
749 3015 957 3082 laudabiliter
981 3015 1150 3082 Goellerua
1173 3036 1257 3080 ccm-

96 3129 238 3190 mentus
264 3127 323 3206 est,
353 3144 391 3188 ex
413 3123 509 3188 nnius
532 3123 562 3188 is
579 3123 728 3206 probauit
749 3123 838 3188 vocis
861 3121 1118 3208 transpositione
1141 3122 1255 3186 turbas

97 3253 220 3296 omnes
245 3231 362 3295 misere
384 3230 487 3296 laxati
511 3230 670 3295 sermonis
693 3235 842 3315 repetens
867 3228 1059 3314 easdemque
1083 3229 1254 3312 simplicis-

97 3341 191 3404 sima
220 3338 350 3402 ratione
377 3338 423 3403 sie
451 3359 661 3421 componens:
691 3358 747 3403 nee
769 3343 872 3402 tamea
889 3337 1038 3419 mutauit
1058 3341 1094 3400 ut
1115 3335 1256 3417 opimius.

97 3444 180 3521 Quo
204 3443 279 3509 loeo
304 3446 341 3507 ut
363 3443 522 3527 probandi
543 3444 633 3509 notio
664 3443 803 3509 infertur
826 3443 1007 3527 aptissima,
1036 3443 1083 3507 ita
1107 3465 1126 3506 a
1148 3441 1256 3525 priore

99 3551 162 3615 illo
187 3550 241 3616 rel
263 3549 383 3615 idcireo
408 3549 623 3615 abiudieenda
645 3549 809 3654 estquod,
832 3549 860 3614 si
883 3550 1021 3614 alterum
1044 3548 1162 3614 dixisse
1182 3546 1256 3634 (bn-

98 3655 198 3740 quit’)
222 3653 365 3739 Ennius,
393 3655 530 3721 alterum
553 3655 708 3740 probasse
731 3654 857 3740 dieitur,
884 3656 998 3740 putida
1021 3656 1059 3720 fit
1080 3657 1115 3720 in
1138 3675 1256 3740 genere

98 3763 302 3828 tenuissimo
325 3762 498 3828 distinctio.
543 3762 613 3828 Nec
639 3762 722 3827 illud
748 3785 816 3829 non
838 3766 924 3828 recte
948 3785 968 3827 a
990 3760 1141 3827 Goellero
1165 3761 1255 3826 insti·

98 3873 223 3953 tutum,
246 3869 334 3953 quod
347 3867 504 3934 Orellium
525 3873 654 3934 secutus
668 3867 776 3935 Ennio
794 3869 908 3934 isdem
929 3887 1056 3952 campas
1073 3867 1161 3932 habet
1182 3889 1254 3932 cum
1269 3888 1332 3929 v111

99 3975 303 4061 Erlsngensi
327 3975 436 4040 codiee
459 3978 491 4039 et
513 3972 640 4040 Veneta
663 3975 780 4061 altera,
810 3975 923 4040 deinde
947 3978 1057 4040 autern
1079 3975 1114 4039 ire
1137 3975 1256 4057 ternplis

98 4085 219 4149 isdem
247 4103 322 4146 cnm
351 4104 416 4147 uno
440 4082 614 4148 Drasdensi
641 4082 766 4148 tribuit.
816 4079 902 4147 Nam
930 4081 1013 4146 illud
1042 4082 1104 4146 etsi
1127 4079 1256 4146 Servius

98 4211 233 4274 quoque
257 4192 369 4254 servat
390 4189 553 4275 integrum
575 4211 705 4254 versum
727 4188 866 4273 prodens
889 4188 925 4253 in
948 4187 1029 4252 Aen.
1052 4185 1112 4271 XI,
1131 4186 1211 4252 326:

242 4295 338 4361 Idem
361 4317 495 4381 campus
517 4296 618 4362 habet
638 4295 816 4361 textrinum
838 4296 976 4365 nauibus
1000 4294 1116 4380 longis,

97 4409 214 4470 tamen
239 4401 322 4487 quid
344 4402 474 4467 tandem
498 4402 560 4467 sibi
583 4402 723 4468 voluisse
752 4402 805 4467 vel
829 4405 974 4486 spectare
996 4401 1142 4485 potuisse
1166 4399 1256 4467 Cice·

95 4531 215 4576 ronem
236 4506 341 4572 allato
360 4506 460 4571 idem
479 4507 600 4572 formae
620 4509 766 4593 exemplo
785 4508 926 4592 putabis,
945 4529 1008 4592 qua
1027 4508 1129 4592 ipsius
1149 4515 1256 4576 aetate
