3048 5144
316 351 378 414 186
459 366 609 412 TlTvnvs
634 365 823 412 GOLVMNAE
849 365 1052 414 ROSTRATAE
1076 367 1310 413 DVELLIANAE.

312 508 408 573 titulo
442 507 532 592 sequi
571 529 605 572 se
635 505 842 575 Oineooninm
880 513 917 573 et
949 506 1186 592 Onuphrium
1224 487 1471 575 P'anvininm

312 615 418 699 planis
441 614 548 679 verbis
572 613 735 679 Gozzius
762 617 912 680 testetur:
941 638 979 680 er
1007 615 1058 680 his
1086 616 1235 680 omnibus
1257 636 1325 680 non
1349 615 1472 680 imme-

312 722 376 786 rito
399 721 546 807 conligas
566 720 688 804 aliquid
707 703 1002 805 supplementorum
1023 720 1112 807 (nam
1131 721 1276 806 paullum
1297 726 1350 787 est
1369 732 1472 808 sane)

311 829 376 892 iam
404 827 596 893 Panvinium
628 827 662 892 in
690 826 823 892 sohedas
852 827 1039 911 coniecisse,
1077 827 1110 892 id
1143 830 1252 894 autem
1284 832 1364 912 post
1393 829 1472 894 eins

312 938 449 1001 mortem
472 935 599 1000 demum
624 935 657 999 in
681 935 785 999 luoem
803 937 1006 1018 protractum
1025 933 1118 1000 novis
1138 933 1331 1018 “stiumphi’
1353 957 1471 1001 exem·

311 1042 376 1127 plis
400 1042 441 1106 ab
465 1041 643 1106 editoribus
668 1040 827 1106 adiectum
852 1063 931 1107 esse.
967 1040 1087 1117 Quodsi
1110 1039 1262 1106 Gorsium
1285 1061 1354 1106 non
1379 1043 1471 1108 satis

312 1129 447 1213 ouriose'
462 1147 526 1232 ipsi
554 1147 712 1213 Panvinio
740 1147 906 1232 tribuisse,
939 1170 1019 1233 quae
1050 1148 1084 1212 in
1112 1147 1358 1226 commentariis
1390 1151 1470 1214 tan·

311 1257 380 1318 tum
404 1254 614 1320 Panvinianis
638 1275 747 1318 reeens
771 1253 867 1318 editis
889 1254 1096 1338 repperisset,
1123 1251 1310 1336 credideris,
1340 1255 1470 1320 nesciri

310 1360 478 1426 fatendum
501 1362 564 1426 erit
587 1360 627 1426 ad
650 1382 745 1444 quem
768 1364 933 1434 auctorem
960 1361 1185 1445 supplementa
1206 1359 1266 1424 illa
1288 1359 1472 1426 referenda

311 1467 386 1532 sint.

400 1571 553 1640 Triennio
590 1579 687 1641 antea
724 1579 887 1660 repertum
924 1575 1056 1640 titulum
1087 1573 1210 1638 Romae
1245 1575 1471 1658 peregrinans

311 1679 404 1744 ‘vidit
427 1683 460 1744 et
483 1680 654 1766 descripsit
676 1681 821 1746 Ivsuvs
845 1681 1006 1746 Llrslvs
1030 1703 1115 1746 anno
1139 1679 1272 1765 vam’,
1300 1685 1339 1746 ut
1363 1681 1469 1748 Gru-

310 1791 416 1852 terus
445 1786 544 1852 Insor.
570 1810 600 1870 p.
624 1785 778 1853 cccclv
809 1790 946 1852 testatur
974 1787 1079 1852 verbis
1113 1790 1149 1851 ut
1175 1791 1253 1870 puto
1282 1787 1471 1872 Lipsianis

310 1893 372 1959 Sed
395 1893 484 1978 prius
507 1916 604 1979 quam
626 1895 806 1979 publieavit
829 1895 1005 1978 integrum,
1029 1893 1139 1978 aliqua
1161 1917 1200 1958 ax
1222 1897 1317 1978 parte
1335 1899 1471 1962 traete·

310 2002 358 2066 vit
380 2002 413 2066 iu
436 2001 652 2087 Antiquarum
675 2001 852 2068 leetionum
880 2001 972 2066 libris
995 2022 1079 2066 arrno
1104 2018 1291 2068 clolonxxv
1316 2002 1470 2086 primum

310 2107 413 2173 editis.
459 2107 508 2172 lbi
536 2108 621 2172 enim
649 2109 754 2193 eapite
780 2109 821 2173 14
850 2108 924 2173 libri
948 2107 980 2172 II
1010 2108 1049 2172 de
1077 2108 1227 2174 columna
1254 2111 1405 2174 rostrata
1433 2109 1470 2175 C.

283 2213 411 2280 eDuilii
430 2215 481 2280 his
498 2215 699 2299 praemissis:
723 2214 879 2282 ‘ostendit
900 2215 1117 2300 fragmentum
1137 2215 1358 2300 antiquissimi
1377 2216 1469 2301 lapi·

309 2321 416 2385 disin
443 2319 516 2386 foro
538 2321 597 2386 so.
620 2321 717 2404 eruti,
749 2344 844 2406 quem
870 2320 966 2386 huius
995 2321 1100 2404 ipsius
1127 2321 1296 2387 columnae
1328 2327 1468 2406 partem

309 2451 380 2493 esse
404 2449 514 2493 omnes
537 2427 740 2494 humanitate
752 2427 851 2493 tincti
871 2428 1020 2494 homines
1040 2428 1121 2494 mihi
1141 2427 1342 2506 assentient',
1367 2437 1469 2513 quat·

309 2535 487 2614 tuordecim
519 2536 560 2600 ab
594 2535 688 2601 initio
720 2555 870 2600 versuum
902 2535 1052 2601 ‘fractam
1079 2539 1112 2601 et
1139 2535 1287 2600 mutilam
1318 2535 1468 2620 seriptu-

308 2640 390 2706 ram'
417 2642 524 2726 ipsam
550 2642 718 2726 proponit,
751 2639 822 2707 ‘ita'
852 2645 889 2706 ut
919 2641 966 2706 ait
992 2641 1076 2707 ‘oum
1104 2663 1181 2706 eura
1207 2663 1401 2726 expressam
1429 2651 1468 2710 ut

309 2771 374 2814 uon
394 2749 467 2833 ipsa
484 2747 578 2814 Fides
598 2749 702 2832 possit
719 2743 865 2814 fidelius?
898 2749 967 2825 Quo
987 2749 1048 2813 etsi
1068 2749 1141 2832 plus
1159 2747 1340 2813 affirmavit
1359 2771 1466 2834 quarn

308 2853 484 2937 praestitit,
515 2857 626 2918 tamen
659 2853 721 2918 hoo
753 2855 842 2920 illine
878 2855 1094 2940 intellegitur,
1131 2876 1215 2920 auno
1246 2871 1466 2924 01010nxv111

308 2959 451 3025 nondum
474 2958 574 3024 fuisse
598 2959 632 3024 in
655 2961 829 3044 superstite
852 2961 962 3026 tabula
985 2984 1039 3026 eas
1058 2961 1186 3026 litteras
1205 2960 1466 3048 litterarumque

307 3067 417 3146 partes
445 3064 566 3129 recenti
595 3087 691 3130 manu
725 3066 879 3149 adiectas,
911 3066 1027 3150 quibua
1059 3066 1156 3132 hodie
1184 3089 1212 3130 v.
1234 3067 1275 3132 10
1303 3069 1465 3136 effectum

308 3173 358 3233 est
385 3168 577 3249 OLOROM,
610 3194 637 3236 v.
664 3173 702 3236 ll
733 3171 897 3237 NAVEIS
926 3171 1078 3257 OEPET,
1115 3172 1296 3256 similiaque
1329 3176 1465 3242 minore

308 3275 432 3342 ambitu
456 3277 520 3342 alia
541 3279 574 3344 iu
600 3279 713 3345 dextra
735 3283 838 3363 perte.
874 3277 960 3344 Nam
984 3302 1056 3346 oum
1080 3303 1100 3344 a
1122 3279 1235 3369 Lipsio,
1256 3281 1358 3348 etiam
1382 3307 1464 3369 sup-

307 3383 416 3468 plendi
439 3383 528 3450 tituli
550 3385 774 3452 tenuissimum
802 3385 963 3470 quoddam
992 3386 1119 3452 initium
1146 3386 1293 3471 pauculis
1317 3385 1465 3455 adiectis

308 3490 426 3556 litteris
449 3491 572 3559 laetum
595 3493 650 3570 sit,
684 3493 716 3556 in
746 3514 840 3558 versu
868 3496 978 3558 tamen
1006 3492 1173 3558 undecimo
1202 3492 1346 3556 servavit
1369 3493 1464 3560 laeu-

307 3619 395 3680 nam,
428 3597 468 3662 de
491 3621 519 3662 v.
543 3601 650 3662 autem
681 3599 722 3664 10
749 3601 784 3664 in
811 3599 1017 3666 insolitarum
1045 3600 1222 3665 formarum
1249 3599 1463 3683 quarundam

307 3704 497 3770 brevissima
521 3727 616 3789 qnam
641 3705 779 3770 subiecit
805 3707 1071 3790 interpretatione
1099 3708 1144 3772 sio
1174 3705 1360 3790 suspicatur
1383 3709 1462 3774 tau-

306 3815 389 3876 turn:
418 3810 515 3896 ‘quod
543 3810 683 3876 fractum
711 3811 831 3896 legitur
860 3812 915 3878 OL
934 3863 941 3877 .
961 3861 968 3878 .
987 3863 995 3878 .
1014 3863 1021 3879 .
1039 3811 1115 3896 OM,
1147 3817 1226 3897 puto
1256 3811 1359 3876 fnisse
1383 3811 1467 3878 OL·
1518 3813 1519 3830 ¹

306 3916 471 3999 LOROM,
498 3917 531 3981 id
559 3921 610 3982 est
636 3917 782 3983 illorum?
828 3919 877 3984 De
900 3919 973 3984 aliis
1002 3942 1097 4004 quam
1128 3941 1193 3985 non
1216 3919 1405 3986 eonstiterit
1429 3923 1461 3986 ei

306 4023 364 4090 illo
393 4028 553 4107 tempore,
585 4023 665 4090 haee
692 4026 868 4092 ostendunt
894 4048 976 4112 qnae
1004 4028 1043 4092 de
1070 4023 1320 4092 EXFOCIONT
1348 4028 1459 4094 addit:

306 4128 396 4196 ‘illud
420 4135 602 4196 monstrum
626 4131 716 4196 verbi
745 4131 822 4216 quid
846 4133 909 4199 sibi
932 4134 1024 4218 velit,
1053 4133 1173 4218 Apollo
1201 4133 1367 4217 rogandus
1391 4139 1460 4202 est:

305 4238 368 4304 nisi
392 4238 442 4304 eui
465 4237 573 4320 plaoet
600 4238 809 4304 eruditissimi
836 4237 883 4304 St.
905 4237 1013 4324 Pighii
1042 4239 1138 4305 amici
1166 4240 1231 4304 mei
1258 4239 1459 4320 coniectura,
1517 4237 1518 4264 ³

304 4345 360 4427 qui
384 4345 514 4429 antique
536 4367 597 4428 pro
616 4345 779 4428 essupiuat
800 4347 958 4431 seriptum
982 4345 1167 4412 iudicabat'
1199 4344 1372 4412 Nihildum
1395 4348 1459 4432 igi-

305 4453 359 4516 tur
382 4451 680 4535 supplementorum
709 4453 750 4516 ab
778 4451 852 4516 aliis
876 4453 1133 4539 excogitatorum
1160 4453 1218 4518 illa
1245 4455 1353 4518 aetate
1379 4475 1457 4537 per·
