3080 5142
300 359 366 424 520
536 374 681 422 Perseia
705 373 932 421 usrmmscrs
955 371 1211 420 uersaremosn

658 625 966 719 Supplsmentum
994 621 1096 719 ΙΠ.*)

636 779 716 848 (cam
736 778 836 833 tabula
854 777 1109 848 lithographwp.

250 977 288 1016 111
390 943 520 1009 Novum
555 963 658 1026 nuper
693 940 924 1006 incrementum
957 943 1105 1006 vetustae
1135 941 1327 1027 latinitatis,
1373 941 1408 1007 h.
1437 965 1464 1006 e.

304 1051 371 1116 eius
400 1071 482 1134 quae
510 1050 595 1114 circa
622 1053 771 1132 tempora
798 1048 896 1132 primi
924 1047 1002 1112 belli
1024 1047 1140 1112 Punici
1167 1048 1244 1132 fuit,
1276 1049 1464 1114 memoriae

304 1179 343 1220 ex
367 1177 404 1220 eo
428 1155 525 1221 titulo
549 1155 687 1220 accessit
705 1177 800 1239 quem
822 1153 858 1218 in
875 1154 991 1219 horum
1007 1141 1316 1238 S'opplcmentorum
1342 1155 1464 1220 tabula

305 1261 355 1326 III
372 1260 494 1342 [XVII]
515 1260 575 1325 sub
589 1261 621 1326 A
645 1260 960 1345 repraesentavimus
983 1259 1024 1326 ad
1043 1261 1226 1345 exemplum
1245 1259 1464 1326 aDominico

304 1367 376 1433 Lib.
391 1367 465 1432 Bar.
479 1366 518 1431 de
533 1366 746 1433 Gnidobaldis
759 1364 979 1451 Neapolitano
998 1367 1071 1452 pari
1090 1367 1283 1433 liberalitati
1297 1369 1464 1434 comitere

304 1473 399 1538 nobis
423 1493 618 1537 concessum.
664 1471 767 1548 Quem
791 1471 846 1536 ille
870 1471 1001 1537 titulum
1024 1494 1096 1537 cum
1120 1473 1153 1538 iu
1176 1471 1388 1541 ‘Bullettiuo’
1413 1498 1462 1539 ar·

306 1578 513 1663 chaeologico
537 1578 665 1662 Italico,
695 1578 807 1644 vol.II
835 1601 866 1663 p.
886 1579 938 1663 23,
965 1579 1088 1664 primus
1116 1579 1245 1663 publice
1272 1583 1462 1668 proposuit,

306 1694 376 1750 tum
399 1685 434 1750 in
457 1684 753 1751 ‘Monumentorum
776 1683 982 1750 Calenorum'
1006 1686 1090 1751 libro
1114 1686 1288 1772 singulari,
1313 1687 1462 1753 nondum

306 1793 395 1858 fores
414 1793 500 1877 dato,
524 1792 591 1857 aeri
609 1792 813 1859 incidendum
833 1793 958 1858 curavit
975 1793 1009 1857 in
1027 1792 1093 1857 tab.
1110 1790 1161 1856 ΠΙ
1185 1793 1244 1858 sub
1266 1793 1295 1858 2.
1331 1793 1462 1879 Quippe

306 1898 428 1983 prodiit
450 1898 512 1964 iste
536 1921 575 1964 ex
598 1919 677 1984 egro
697 1897 854 1982 Caleno,
878 1897 952 1963 stilo
972 1897 1147 1982 inscriptus
1166 1899 1314 1965 cistellae
1333 1905 1463 1968 rectan-

308 2005 403 2090 gulae
426 2027 443 2071 e
466 2009 555 2071 terra
577 2009 669 2071 cocta
692 2005 795 2088 fictae,
818 2004 994 2088 inscriptus
1014 2005 1122 2068 autem
1141 2008 1218 2070 ante
1237 2009 1410 2072 cocturam
1429 2013 1463 2072 et

307 2112 342 2175 in
369 2111 472 2176 latere
504 2110 632 2195 quidem
666 2111 773 2175 antico
807 2117 978 2194 aperturae
1010 2107 1172 2197 apro.***)
1218 2110 1375 2180 Ceterum
1410 2119 1462 2179 sat

308 2217 440 2301 planam
464 2217 632 2282 intellectu
655 2215 901 2299 inscriptionem
923 2216 1040 2281 habes:

567 2354 1005 2424 cumoculos-t

566 2461 1175 2534 arctoos-Dossenni>

310 2608 330 2672 i.
350 2631 375 2674 e.
399 2607 432 2674 0.
452 2607 645 2672 Hiaauleius
668 2605 700 2672 O.
725 2608 744 2672 l.
762 2607 907 2690 Apollini
928 2609 1043 2673 mum
1065 2605 1188 2694 dedw).
1228 2609 1274 2674 Et
1297 2611 1370 2676 eius
1394 2613 1461 2696 qui·

312 2713 384 2778 dem
408 2713 643 2796 declinationis,
666 2734 748 2796 quae
773 2717 823 2778 cst
845 2711 1039 2797 Apol(l)cnis
1063 2736 1140 2779 casu
1163 2713 1282 2797 altero,
1306 2715 1372 2782 hoc
1396 2720 1460 2784 iam

311 2820 444 2886 tertium
467 2841 505 2884 ex
529 2820 747 2885 monumentis
772 2821 952 2904 exemplum
976 2821 1093 2904 prodit,
1115 2825 1245 2906 praeter
1263 2843 1302 2886 ec
1321 2845 1408 2908 quoe
1427 2825 1459 2888 in

312 2929 482 3010 poetarum
506 2925 765 3010 scriptorumque
788 2925 881 2990 libris
905 2931 1035 2991 servata
1055 2948 1128 2991 cum
1147 2928 1227 2992 alibi
1246 2932 1460 2996 tractavimus

311 3037 382 3097 tum
406 3053 508 3116 nuper
526 3031 694 3116 tetigimus
715 3030 877 3116 Supplem.
896 3031 929 3094 II
952 3053 982 3115 p.
996 3029 1043 3100 lX
1062 3035 1175 3117 [supra
1192 3056 1222 3118 p.
1235 3033 1327 3117 5161.
1349 3073 1388 3084 —
1411 3037 1458 3102 Ad

312 3137 532 3203 litteraturam
565 3141 673 3202 autem
706 3137 791 3222 quod
825 3137 955 3222 attinet,
986 3137 1107 3204 nimius
1134 3139 1197 3204 suit
1223 3138 1460 3209 Gnidobaldius

269 3277 302 3316 ιν
317 3267 435 3310 novam
463 3243 725 3329 singularemque
748 3241 776 3308 Ε
804 3243 933 3310 litterae
960 3243 1098 3329 figuram
1127 3267 1262 3332 eamque
1291 3254 1459 3335 tamquam

315 3375 372 3418 suo
396 3350 550 3436 peculiari
575 3351 644 3415 iure
667 3350 828 3416 fruentem
851 3351 935 3416 hanc
958 3351 1159 3418 constituens
1184 3353 1227 3423 ΙΞ.
1272 3353 1345 3422 Nec
1376 3358 1458 3422 enim

315 3459 384 3524 cius
412 3459 535 3543 figurae
563 3457 740 3524 insolentia
766 3458 832 3523 alia
859 3457 984 3524 ratione
1012 3459 1170 3525 censenda
1198 3464 1249 3526 est
1271 3465 1372 3548 atque
1400 3486 1459 3550 qua

315 3602 527 3614 -—-—————¹

405 3673 432 3738 ⁸)
453 3668 642 3741 [Prooemium
660 3667 763 3723 Indicis
786 3667 944 3728 schalmum
967 3667 1148 3724 hibernarum
1167 3671 1356 3727 monendum
1377 3691 1458 3729 anno-

317 3777 377 3814 rum
396 3756 645 3813 CIOIOGOOLXIII
664 3761 693 3813 et
710 3756 819 3828 LXIV]

388 3851 431 3918 **)
450 3847 573 3919 [Tabula
600 3846 668 3903 olim
691 3845 756 3902 huic
779 3845 1011 3902 commentationi
1036 3846 1144 3902 adnexa
1165 3863 1239 3902 nuno
1262 3847 1315 3902 sub
1338 3869 1365 3904 m
1386 3849 1459 3905 XVll

317 3937 418 3993 iterata
436 3939 487 3994 est.
524 3933 552 3992 O.
566 3937 624 4007 W.]

370 4025 429 4096 ***)
448 4025 547 4081 Totius
565 4025 690 4080 cistellae
708 4024 839 4094 figuram,
865 4041 921 4078 oua
943 4041 1006 4078 cum
1024 4041 1109 4078 manu
1127 4024 1250 4080 humana
1268 4024 1348 4082 cuius
1367 4029 1459 4098 palme

318 4117 446 4183 porrecta
463 4113 515 4168 illo
532 4115 651 4182 tenetur,
670 4112 814 4183 eleganter
829 4111 968 4167 coloribus
985 4111 1091 4181 pictam
1110 4112 1189 4168 vides
1207 4111 1235 4188 iu
1254 4112 1383 4170 eiusdem
1398 4115 1459 4170 Gui-

317 4202 443 4258 dobaldii
460 4202 518 4257 tob.
538 4201 576 4256 lll
591 4202 617 4255 Α
636 4202 682 4270 fig.
696 4207 711 4254 2
727 4218 756 4256 a:
777 4217 848 4268 quae
866 4199 935 4254 mihi
953 4199 1052 4253 tabula
1070 4200 1135 4255 dum
1154 4199 1223 4254 haec
1241 4199 1334 4256 scribo
1349 4201 1459 4258 demum

318 4291 491 4362 perofficiose
509 4289 718 4346 transmittitur.
755 4289 815 4343 Nec
833 4287 1007 4344 incommode
1025 4289 1060 4343 de
1079 4305 1197 4343 acerra
1215 4286 1341 4358 cogitare
1360 4289 1460 4344 Gnido-

320 4371 445 4434 baldium
472 4381 559 4449 patet.
597 4378 727 4439 Ceterum
755 4377 860 4434 servari
883 4379 937 4432 hoc
960 4379 1170 4432 monumentum
1194 4375 1276 4432 hodie
1299 4375 1330 4431 io
1356 4377 1460 4433 'museo

320 4466 468 4522 nationali’
489 4466 678 4537 Neapolitano
696 4466 840 4523 sciendum
859 4467 910 4522 est.
