2948 5048
216 332 281 396 506
448 348 592 398 cassem
615 349 842 398 unsrumnms
865 349 1126 399 asseruerimus

305 490 476 557 Corollarii
499 493 585 576 loco,
613 494 766 577 quoniam
790 494 829 558 de
853 494 1014 559 dictatura
1034 493 1147 578 paullo
1172 494 1352 578 explicatius

215 598 368 683 diximus,
391 621 457 664 non
481 600 539 664 abs
562 621 598 664 re
621 600 720 665 fuerit
743 601 842 689 etiam
861 602 900 666 de
916 602 1105 687 magisterio
1126 601 1354 686 equitumpau·

216 707 261 770 cis
286 706 479 791 significare,
502 728 702 791 quamquam¹
719 707 753 772 id
777 709 817 773 ad
841 708 1087 791 inscriptionem
1110 711 1262 773 nostram
1282 708 1355 773 nihil

215 814 364 898 pertinet.
409 811 496 878 Nam
520 813 643 880 dehoc
667 838 793 902 quoque
821 817 927 881 minus
956 815 1132 899 diligenter
1154 815 1299 898 praecipi
1319 815 1355 879 ab

216 922 335 986 eisdem
364 920 612 985 enchIridiorum
641 922 853 1005 scriptoribus
883 920 1113 986 intelleximus.
1160 920 1304 997 Quorum
1325 925 1357 984 ut

216 1028 373 1092 incuriam
398 1028 538 1092 breviter
560 1029 713 1109 vitemus,
741 1029 1004 1114 magisteriorum
1027 1028 1160 1093 illorum
1183 1027 1271 1093 hanc
1292 1051 1358 1112 pro

216 1135 379 1217 ponimus,
412 1155 494 1217 quae
518 1133 558 1197 sd
582 1134 778 1199 dictatorum
806 1135 926 1199 indices
950 1134 1198 1200 accommodata
1221 1139 1285 1217 est,
1310 1156 1359 1199 an-

216 1262 332 1305 norum
355 1240 509 1305 tabulam.
555 1239 661 1325 Igitur
685 1240 849 1305 sciendum
873 1245 923 1305 est
945 1241 1046 1306 fuisse

215 1421 420 1485 perennes
466 1399 676 1482 magistros
697 1420 748 1483 eq.
768 1398 994 1464 consulares
1040 1421 1116 1465 non
1135 1401 1359 1465 consulares

238 1506 413 1570 253-387
695 1503 776 1569 XIII
1171 1504 1241 1570 VH

239 1611 415 1676 391—433
705 1609 770 1675 VII
1166 1610 1250 1676 XXI

194 1708 201 1721 ’
238 1717 415 1782 434-466
716 1714 765 1780 IX
1181 1716 1231 1781 IV

238 1824 415 1889 468-552
508 1862 519 1885 ·
727 1822 757 1887 Χ
1172 1822 1242 1890 VH

146 2010 203 2050 xrv
218 1984 310 2049 Vnde
333 1984 533 2069 intellegitur
557 2005 594 2047 ea
618 1986 737 2065 aetate,
766 2004 862 2066 quam
886 1981 1024 2047 alteram
1048 1981 1199 2066 fecimus,
1232 2007 1361 2068 prorsus

217 2091 355 2155 similem
383 2090 542 2155 rationem
571 2090 655 2153 inter
678 2088 862 2152 consulares
891 2093 925 2153 ct
945 2110 1011 2153 non
1035 2089 1224 2167 consulares
1248 2092 1363 2176 magis·

215 2202 284 2262 tros
309 2197 453 2280 equitum
478 2201 574 2280 atque
598 2196 772 2260 dictatores
795 2196 1028 2280 intercessisse,
1060 2197 1124 2260 nisi
1150 2197 1239 2281 quod
1262 2199 1362 2263 multo

216 2304 315 2367 etiam
339 2305 442 2367 maior
465 2324 617 2366 numerus
640 2323 706 2366 non
729 2302 946 2366 consularium
967 2301 1042 2367 fuit:
1065 2307 1141 2386 post
1163 2325 1287 2368 annum
1310 2327 1362 2369 au·

216 2412 282 2473 tem
310 2410 376 2474 433
408 2409 540 2474 minime
568 2429 639 2474 esse
668 2408 772 2472 eidem
805 2413 902 2492 atque
933 2409 968 2473 in
1000 2409 1163 2474 dictatura
1196 2411 1362 2475 severitati

215 2515 322 2581 locum
345 2515 465 2581 datum.
538 2564 540 2568 -

306 2832 462 2920 Superest
485 2838 521 2899 ut
543 2834 685 2919 reliquas
709 2834 937 2918 inscriptiones
959 2834 1120 2900 tabulae
1143 2834 1159 2899 I
1183 2836 1276 2920 [XV]
1295 2840 1362 2903 bre·

218 2940 300 3005 viter
323 2962 579 3024 percenseamus.

304 3046 420 3131 Itaque
447 3049 508 3112 sub
531 3048 566 3111 B
594 3048 740 3131 speculi
768 3048 856 3113 illius
886 3046 1041 3133 (lusani,
1072 3050 1158 3135 quod
1187 3051 1223 3116 in
1250 3052 1362 3118 Monu-

218 3157 399 3218 mentorum
423 3153 571 3218 Instituti
594 3154 829 3238 archaeologici
853 3154 992 3220 Romani
1015 3156 1079 3221 vol.
1093 3155 1141 3221 VI
1168 3159 1237 3223 tab.
1256 3159 1361 3225 XXIV

220 3257 268 3340 [Ο.
283 3261 306 3324 Ι.
322 3259 356 3324 L.
375 3260 390 3324 Ι
408 3284 439 3325 11.
454 3261 511 3343 573
535 3260 573 3324 cf.
589 3260 670 3325 Add.
692 3283 722 3344 p.
738 3260 816 3341 554]
841 3261 1041 3345 publicatum
1065 3263 1259 3330 iteravimus
1278 3266 1312 3330 P.
1329 3266 1362 3330 L.

89 3351 93 3359 ¹
218 3366 261 3431 M.
271 3367 309 3431 Ε.
324 3366 390 3432 teb.
404 3365 450 3431 XI
465 3368 525 3431 sub
535 3368 578 3432 M
589 3367 641 3447 [cf.
652 3389 752 3451 supra
760 3390 791 3451 p.
801 3368 891 3452 295],
905 3390 975 3433 eam
989 3392 1071 3453 quae
1086 3371 1127 3435 ad
1142 3372 1362 3455 Proserpinam

218 3477 343 3557 spectat
366 3474 576 3559 epigraphem
599 3476 913 3559 repraesentavimus
936 3497 1022 3541 novo
1046 3478 1195 3562 exemplo
1219 3479 1301 3544 duce
1324 3480 1361 3544 ab

218 3579 358 3645 llenrico
374 3580 518 3644 Brunnio
538 3585 661 3663 parate.
689 3580 717 3644 Ε
737 3603 800 3664 quo
815 3585 903 3645 certo
922 3583 1124 3666 perspicitur,
1139 3585 1228 3668 quod
1247 3609 1362 3652 nomen

219 3685 323 3750 adhuc
338 3686 529 3750 credebatur
542 3683 790 3751 PROSEPNul
805 3688 960 3770 scriptum
975 3710 1054 3771 esse,
1064 3687 1126 3753 hac
1137 3692 1250 3774 potius
1260 3694 1362 3777 specie

219 3815 301 3857 esse:
325 3789 606 3873 PROSEPNulr:
633 3793 722 3857 cuius
746 3794 870 3858 formae
893 3794 1004 3859 littora
1027 3800 1172 3860 extrema
1195 3819 1257 3881 pro
1281 3800 1362 3864 cirre

219 3899 303 3963 infra
326 3900 425 3984 positi
450 3899 565 3983 cepitis
589 3900 703 3964 habita
724 3906 781 3965 est.
815 3901 903 3977 Quae
922 3924 974 3965 res
992 3905 1029 3966 ut
1046 3904 1187 3986 perlevis
1209 3906 1363 3971 momenti

220 4028 290 4070 esse
313 4006 408 4071 facile
432 4007 572 4090 cuipiam
597 4007 766 4092 videbitur,
793 4009 840 4072 ita
863 4030 929 4074 non
950 4008 1035 4072 nihil
1058 4009 1185 4075 confert
1213 4012 1256 4077 ad
1278 4018 1363 4077 recte

219 4112 437 4178 aestimandas
467 4114 609 4199 genetivi
636 4115 760 4197 primae
787 4114 1013 4179 declinationis
1042 4115 1298 4203 vicissitudines,
1327 4119 1364 4183 de

219 4219 335 4302 quibus
355 4219 574 4303 significatum
593 4223 650 4303 cst,
668 4242 733 4284 non
753 4221 946 4303 explicatum
959 4219 1066 4287 Musei
1079 4221 1233 4289 Rhenani
1250 4223 1365 4291 tXIV

220 4347 249 4408 p.
268 4325 334 4389 406
359 4328 470 4409 [supra
492 4350 521 4411 p.
540 4329 629 4408 413}
666 4326 732 4391 Vbi
755 4348 851 4410 quam
875 4327 946 4393 sola
969 4328 1095 4393 ratione
1117 4328 1200 4395 duce
1222 4332 1365 4417 genetivi

219 4430 358 4495 formem
377 4432 409 4496 in
427 4439 477 4498 o'is
495 4433 692 4498 desinentem
712 4433 980 4519 proponebamus,
997 4434 1104 4520 primo
1117 4457 1204 4503 nunc
1217 4437 1370 4523 ipsoram
