2948 5048
560 351 561 355 ¹
612 339 819 387 urscuuuan.
1230 319 1293 384 765

150 526 203 595 13.
232 521 405 617 Syllabus
433 522 657 595 indiciorum
683 522 875 615 potiorum
898 543 993 614 quac
1016 519 1064 591 ad
1087 519 1295 591 definienda

284 652 455 739 tempora
482 647 771 740 inscriptionum
798 645 1002 717 latinarum
1029 644 1165 719 valent

244 799 377 870 (excluso,
395 802 428 855 ut
444 802 488 855 est
505 803 729 870 consentaneum,
749 799 903 871 scripturae
922 815 1023 869 genere
1042 797 1199 866 cursivo).*)

152 926 180 992 0
203 926 320 1010 proV,
343 931 381 991 ut
402 928 577 1012 plurimum
601 926 746 994 etiamE
771 950 830 1012 pro
854 927 883 1009 Ι,
906 928 940 991 iu
959 926 1173 992 declinatione
1192 924 1295 988 nomi-

218 1056 296 1097 num
319 1034 567 1119 verborumque:
591 1057 720 1099 cessans
744 1034 829 1098 eirca
852 1055 880 1097 a.
899 1033 964 1097 520
983 1055 1051 1117 sqq.

153 1137 174 1205 b
197 1140 321 1224 figurae
344 1162 434 1204 usus:
458 1139 513 1205 diu
536 1145 701 1224 constans,
725 1162 853 1206 cessans
878 1140 962 1205 circa
985 1161 1013 1204 a.
1032 1138 1217 1204 570-580.

151 1261 187 1329 Α
209 1264 260 1328 vel
283 1261 318 1330 0
340 1264 393 1328 val
417 1264 451 1333 a
474 1264 599 1349 figurae
622 1289 699 1331 usus

152 1370 180 1429 ο
204 1372 254 1435 vel
278 1379 305 1436 Ο
328 1371 451 1456 figurae
474 1395 550 1437 usus
753 1341 928 1403 numquam
965 1321 1130 1401 constans,
1166 1338 1295 1382 cessans

154 1469 180 1543 5
204 1477 326 1561 figurae
349 1500 426 1542 usus
803 1427 889 1490 circa
910 1426 996 1490 idem
1018 1427 1156 1508 tempus,

151 1582 207 1647 XS
230 1606 289 1667 pro
312 1584 343 1648 X
366 1587 519 1670 simplici:
542 1596 608 1652 non
631 1591 706 1651 ante
730 1583 797 1651 80.
821 1585 860 1650 de
883 1582 1139 1650 Bacchanalibus
1162 1581 1267 1671 (568).

153 1689 337 1755 Geminatio
362 1694 623 1757 consonantium:
647 1693 736 1759 nulla
753 1697 828 1758 ante
842 1692 993 1776 Ennium,
1015 1693 1116 1756 ferme
1136 1712 1296 1775 exaequo

220 1798 379 1862 fluctuans
403 1800 444 1864 ab
468 1823 495 1864 a.
519 1800 648 1864 circiter
666 1799 732 1865 580
756 1799 796 1864 ad
815 1800 889 1884 620,
912 1800 1101 1887 praevalens
1126 1799 1167 1864 ab
1186 1820 1214 1862 a.
1231 1797 1297 1861 620

220 1906 260 1970 ad
283 1906 358 1988 640,
380 1907 446 1971 fere
469 1912 621 1972 constans
644 1907 686 1972 ab
711 1929 738 1973 a.
762 1907 889 1971 circiter
911 1906 986 1970 640.

152 2009 338 2077 Geminatio
361 2013 535 2078 vocalium:
557 2014 648 2079 nulla
671 2018 746 2079 ante
770 2035 798 2078 a.
817 2013 891 2097 620,
914 2034 1044 2078 cessans
1068 2012 1153 2076 circa
1176 2033 1204 2076 a.
1223 2011 1297 2077 680.

153 2118 213 2195 QV
245 2141 304 2202 pro
337 2118 394 2185 CV
425 2120 476 2184 vel
509 2117 611 2196 QVO:
647 2142 714 2185 nou
748 2123 823 2184 ante
855 2143 884 2184 a.
914 2120 1042 2184 circiter
1073 2119 1139 2183 620
1175 2119 1298 2182 usitata

220 2226 389 2312 scriptura.

153 2327 186 2397 Ρ
209 2354 268 2416 pro
293 2329 330 2416 P,
353 2332 409 2397 sed
433 2332 562 2417 angulis
585 2334 681 2417 plane
701 2333 813 2398 rectis:
835 2356 902 2399 non
920 2334 1008 2398 ultra
1026 2333 1114 2398 idem
1132 2333 1198 2398 fere
1216 2335 1297 2397 tem-

171 2511 172 2514 *
220 2461 281 2523 pus
304 2443 469 2524 usurpata.
965 2440 969 2445 ’
1271 2525 1274 2528 ἦ

153 2545 295 2611 Omissio
320 2551 368 2618 ΑΛ
392 2550 425 2611 et
448 2545 469 2611 S
492 2547 653 2612 finalium:
676 2569 805 2613 cessans
829 2549 914 2614 circa
938 2572 965 2615 a.
984 2547 1168 2614 620-630.

154 2650 214 2718 OV
237 2675 295 2736 pro
320 2651 347 2716 Ο
370 2657 403 2722 et
423 2651 456 2717 V

154 2759 328 2825 Geneffivus
352 2759 469 2824 tertiae
488 2761 566 2825 decl·
585 2761 620 2824 in
629 2759 684 2825 VS
712 2730 778 2773 nou
800 2708 866 2774 fere
890 2712 1033 2773 autnon
1053 2708 1193 2774 multum
1211 2708 1298 2772 ultra

779 2816 920 2880 medium
945 2817 1109 2882 saeculum
1128 2814 1193 2880 VII
1212 2811 1254 2899 (si
1278 2837 1298 2879 a

153 2972 385 3039 Nominativus
413 2973 493 3057 plur.
527 2973 685 3038 secundae
779 2923 984 3042 p³u⁰lq¹ib¹¹⁸
1015 2920 1207 3042 quibusdam
1235 2920 1298 3041 di}-

222 3080 299 3146 decl·
323 3081 357 3145 in
381 3078 403 3144 S
427 3080 576 3145 desinens
780 3049 914 3094 cessans
937 3033 994 3094 aut
1012 3052 1099 3095 casm
1116 3027 1298 3093 tribuendis

154 3184 363 3252 POPLIOVS
386 3189 548 3272 scriptura
780 3140 837 3199 aut
856 3140 945 3200 certa
965 3136 1089 3201 ratione
1108 3135 1299 3220 censendis).

155 3293 186 3358 V
217 3316 276 3378 pro
307 3292 363 3358 OE
394 3293 438 3358 01
470 3297 504 3358 in
531 3314 640 3358 curare
672 3295 782 3359 simil:
814 3318 881 3360 nou
912 3300 988 3360 autc
1020 3294 1161 3359 medium
1191 3315 1299 3358 saecu-

222 2867 371 2932 desinens

222 3401 290 3464 lum
314 3400 386 3465 VII.

155 3506 324 3592 Aspiratio
348 3507 607 3572 consonantium:
630 3507 720 3572 nulla
739 3511 815 3572 ante
834 3532 861 3573 a.
876 3509 1061 3592 650-660,
1084 3508 1242 3581 fluctuans
1259 3506 1300 3571 ad

223 3637 250 3678 a.
274 3613 401 3678 circiter
425 3615 499 3697 700,
521 3614 587 3677 fere
611 3616 764 3678 constans
788 3615 829 3678 ab
853 3616 946 3680 initio
971 3615 1090 3681 saeculi
1112 3613 1203 3679 VIII.

154 3712 172 3784 I
195 3722 312 3806 longae
336 3743 424 3787 usus:
447 3722 556 3786 nullus
580 3724 655 3786 ante
678 3726 826 3805 tempora
849 3721 991 3789 Sullana.

155 3828 268 3913 Apicis
291 3851 384 3893 usus:
407 3830 514 3894 nullus
538 3833 611 3894 ante
634 3832 782 3914 tempora
805 3827 1009 3895 Caesariana.

154 3935 186 3999 Y
209 3935 339 4002 litterae
361 3958 451 4002 usur:
480 3937 588 4002 nullus
616 3934 760 4023 (praeter
782 3958 884 4000 unum
908 3931 1105 4020 exemplum)
1134 3936 1209 3998 ante
1237 3933 1301 3998 exi·

223 4046 293 4106 tum
317 4043 438 4107 saeculi
461 4042 533 4108 VH.

156 4167 368 4176 ——...-....--

245 4218 271 4286 *)
297 4218 417 4290 [Priscae
450 4218 599 4273 latinitatis
630 4220 812 4273 monumenta
843 4217 1025 4289 epigraphica
1057 4219 1158 4286 (1862)
1192 4215 1300 4271 ludices

155 4326 184 4378 p.
201 4314 260 4363 123.
282 4309 354 4378 ras]

609 4431 846 4442 ——---
