3062 5142
824 1153 941 1234 VIII.

333 1307 592 1410 mtnorogne
619 1307 770 1392 latinae
798 1307 1053 1391 corollarium
1081 1307 1441 1411 epigraphioum.*l
1520 1273 1521 1276 Ν

258 1741 296 1781 111
400 1720 438 1784 In
463 1716 659 1806 scriptorum
687 1721 779 1786 libris
807 1719 1032 1788 delitescentes
1062 1719 1237 1786 versiculos
1266 1719 1464 1803 aucupando

312 1829 442 1892 constat
459 1828 667 1894 curiosiorem
687 1850 784 1912 quom
802 1827 1049 1894 fructuosiorem
1069 1849 1200 1912 operam
1219 1849 1239 1892 a
1258 1825 1376 1892 multis
1390 1847 1464 1890 con-

312 1938 473 2019 sumptam
506 1957 584 2001 esse.
639 1933 700 2011 Qui
728 1935 755 2000 si
783 1957 849 2000 non
876 1957 1027 2000 versuum
1055 1935 1229 1999 simulacra
1256 1935 1371 2018 potius
1400 1934 1463 1997 ista

312 2064 408 2126 quam
434 2042 538 2108 solida
561 2064 697 2126 corpora
720 2042 835 2107 sectati
859 2048 978 2128 essent,
1000 2043 1109 2108 nescio
1134 2065 1174 2108 an
1194 2042 1365 2127 aliquanto
1391 2039 1462 2124 plus

311 2148 416 2214 laudis
449 2151 651 2215 meruissent.
697 2149 849 2226 Qualium
878 2173 951 2215 cum
980 2149 1058 2214 alibi
1090 2150 1206 2214 messis
1234 2148 1383 2212 maxima
1414 2151 1463 2209 est

311 2259 381 2320 tum
394 2277 459 2320 non
479 2256 693 2340 spernendum
713 2256 798 2339 apud
818 2256 907 2340 ipsos
926 2257 1101 2340 scriptores
1121 2255 1337 2340 spicilegium.
1361 2252 1462 2318 Velut

313 2361 398 2446 apud
422 2361 609 2430 Ciceronem
633 2386 705 2429 cum
728 2385 935 2430 numerorum
958 2364 1097 2446 vestigia
1114 2361 1332 2447 Bernaysium
1357 2383 1461 2446 nuper

312 2471 528 2536 advertissent
558 2472 593 2536 in
625 2471 728 2537 facete
765 2471 860 2536 dictis
895 2471 961 2536 illis
996 2493 1078 2555 quae
1113 2471 1214 2535 habes
1252 2469 1291 2534 de
1329 2474 1459 2535 oratore

310 2575 394 2641 libro
413 2575 446 2641 Π
469 2600 537 2663 cop.
552 2578 594 2644 59
615 2584 648 2645 et
666 2579 718 2664 69,
741 2601 806 2643 non
824 2578 1044 2644 dubitavimus
1063 2577 1291 2663 integerrimos
1311 2575 1459 2641 senarios

311 2682 371 2746 hos
395 2704 583 2768 agnoscere:

352 2839 362 2858 ο
423 2807 585 2873 Lacerat
607 2809 793 2881 lacertum
818 2807 935 2894 Largi
960 2807 1116 2873 mordax
1139 2807 1349 2873 Memmius.

422 2912 613 2979 Aemilius
636 2913 744 2997 fecit,
767 2915 955 2999 plectitur
978 2913 1161 2980 Rutilius.

310 3036 351 3101 In
374 3037 438 3102 elio
463 3059 579 3123 genere
602 3039 693 3103 ferax
711 3060 918 3104 numerorum
938 3037 1145 3124 quantumvis
1163 3035 1292 3102 rudium
1309 3037 1341 3102 h.
1355 3060 1385 3102 e.
1404 3033 1458 3100 Sa·

310 3144 491 3208 turniorum
514 3145 549 3209 T.
567 3143 679 3210 Livius
703 3147 822 3210 exstat:
850 3144 933 3209 unde
956 3149 1065 3210 temen
1093 3167 1177 3210 nunc
1201 3144 1369 3209 abstinere
1393 3163 1456 3207 ma-

311 3272 387 3315 num
411 3249 620 3339 praestat**)
661 3251 783 3318 Verum
813 3252 915 3316 multo
939 3251 1114 3336 largiorem
1142 3250 1299 3316 similium
1327 3251 1455 3335 copiam

311 3357 467 3421 attentius
496 3357 690 3424 rimantibus
715 3361 924 3424 monumenta
953 3357 1161 3444 epigraphica
1185 3357 1455 3442 suppeditabunt:

310 3463 394 3528 unde
421 3448 488 3530 non
515 3465 658 3548 paullum
685 3464 877 3529 incrementi
905 3461 1055 3527 accedere
1083 3461 1303 3546 Anthologiae
1334 3463 1453 3528 latinae

310 3573 439 3656 poterit.
476 3571 551 3636 Non
574 3577 624 3637 est
647 3572 773 3636 animus
796 3570 895 3636 latius
919 3573 1083 3654 patentem
1106 3569 1278 3633 materiam
1300 3569 1454 3634 hocloco

311 3701 382 3742 cum
407 3679 588 3763 pulvisculo
608 3680 786 3761 exhaurire,
803 3679 857 3744 sed
881 3681 1009 3742 tantum
1029 3675 1187 3761 quaedam
1207 3675 1354 3758 exempla
1373 3681 1452 3740 tam·

311 3808 409 3869 quam
431 3808 490 3870 per
513 3791 657 3851 saturam
677 3807 791 3870 sparsa
808 3783 873 3848 illis
894 3783 1019 3867 addere,
1044 3803 1125 3867 quae
1145 3782 1185 3848 ad
1204 3780 1337 3846 titulum
1353 3779 1453 3845 Mum-

310 3891 453 3957 mianum
476 3915 579 3976 nuper
601 3891 842 3977 designavimus
865 3913 896 3976 p.
915 3889 963 3955 III
986 3893 1098 3974 [supra
1115 3911 1146 3974 p.
1162 3888 1204 3954 85
1219 3890 1293 3971 sq.]:
1318 3909 1383 3971 quo
1402 3885 1453 3951 via

399 4085 425 4155 *l
445 4084 635 4156 [Prooemium
662 4084 764 4138 Indicis
791 4083 950 4138 scholarum
979 4081 1146 4137 aestivarum
1175 4079 1361 4135 Bonnensium
1390 4077 1451 4133 anni

311 4173 542 4230 olorocccmu.
568 4173 743 4244 Bibliopolae
761 4172 896 4228 traditum
911 4171 1007 4251 paucio
1026 4169 1166 4225 mensibus
1185 4171 1250 4239 post
1264 4168 1362 4223 eodem
1382 4181 1451 4222 anno

309 4263 415 4334 prodiit
436 4263 589 4334 praemissa
611 4263 664 4317 hac
688 4260 882 4331 inscriptione:
914 4258 1113 4330 ‘Anthologiae
1140 4259 1246 4314 latium
1275 4255 1449 4312 corollarium

296 4351 532 4422 ¹epigraphicnm.
556 4351 668 4420 scripsit
685 4351 714 4404 F.
729 4350 828 4418 R.'0et
845 4347 874 4402 in
893 4348 947 4402 line
961 4352 998 4419 (p.
1014 4348 1078 4402 XIII
1093 4349 1147 4418 sq.)
1171 4346 1288 4402 adiectis
1309 4344 1395 4400 ‘curie
1413 4359 1449 4396 ac-

310 4440 428 4495 cundia’.
465 4439 565 4510 C.W.]

381 4527 422 4597 **)
442 4529 495 4598 [cf.
515 4545 590 4598 poes.
611 4527 720 4582 Saturn.
741 4525 828 4596 spicil.
849 4525 932 4594 (infra
950 4543 977 4580 u.
996 4525 1045 4594 Xl)
1064 4543 1091 4594 p.
1111 4531 1134 4578 4.
1172 4525 1201 4579 C.
1223 4523 1278 4594 W.]
