3080 5142
488 403 768 450 svrronunurvu
792 405 824 450 v.
1158 387 1221 450 571

95 568 147 610 non
170 567 240 618 esse
263 546 390 610 aliunde
412 547 618 630 repetendam
637 545 699 610 nisi
720 569 737 611 e
756 545 952 611 reverentiae
972 567 1067 611 sensu
1084 545 1223 630 quodem

96 674 164 736 quae
186 651 288 735 ipsius
311 645 607 718 IMPERATORIS
630 675 788 736 personae
812 658 909 736 atque
931 653 1096 718 maiestati
1114 653 1224 717 deberi

96 759 252 824 rideretur.

169 1077 343 1143 Commode
366 1079 542 1164 explendae
571 1079 702 1144 tabulae
730 1083 841 1164 aptum
870 1083 942 1142 eret
966 1079 1183 1164 fragmentum
1209 1101 1225 1143 e

96 1183 250 1248 manubrio
274 1184 387 1268 scyphi
410 1187 505 1251 vitrei
530 1189 708 1270 superstes,
732 1185 817 1271 quod
837 1208 857 1249 a
875 1183 1021 1249 Bruunio
1039 1205 1226 1267 possessum

95 1293 120 1352 et
139 1312 259 1356 mecum
283 1293 557 1357 communicatum
586 1292 645 1356 sub
668 1293 705 1356 F
728 1291 920 1356 imitandum
951 1291 1068 1354 curavi.
1113 1291 1152 1354 In
1175 1313 1225 1355 su-

94 1396 207 1478 periore
229 1401 323 1482 parte
347 1399 471 1481 scripto

564 1520 736 1587 ASINI

562 1627 678 1692 PILI
690 1627 741 1692 ΡΙ
860 1633 862 1638 ’

93 1751 226 1834 uomina,
258 1774 341 1836 ques
365 1753 398 1816 in
421 1752 575 1817 inferiore
603 1752 708 1816 miuus
737 1752 832 1836 plene
860 1751 1032 1837 iterantur,
1064 1753 1132 1837 ipse
1160 1753 1225 1817 iam

94 1857 243 1922 Brunnius
263 1859 300 1923 in
323 1857 528 1924 ‘Bullettino'
552 1858 637 1923 oreh.
656 1857 748 1923 Rom.
772 1881 799 1923 a.
822 1859 907 1922 1864
931 1882 961 1942 p.
981 1860 1023 1924 83
1047 1858 1226 1924 rectissime

94 1961 163 2028 dixit
184 1965 386 2048 temporibus
414 1965 519 2030 medio
549 1964 675 2030 soeculo
704 1965 844 2048 septimo
867 1965 1031 2047 prioribus
1055 1965 1227 2030 tribuenda

94 2069 181 2134 rideri
209 2073 345 2156 propter
371 2072 555 2156 neglectam
584 2093 655 2136 oum
680 2071 912 2156 aspirationem
940 2075 1009 2135 tum
1033 2072 1225 2156 geminatio·

94 2196 154 2238 uem
176 2178 433 2243 consonantium.
465 2177 587 2244 Omiesi
611 2181 719 2242 autem
743 2176 961 2262 praenominis
985 2176 1065 2241 haee
1086 2176 1226 2242 fortasse

95 2304 195 2348 musso
217 2285 293 2368 fuit,
321 2283 406 2369 quod
429 2307 495 2350 non
518 2285 575 2350 uni
598 2283 694 2349 alicui
717 2283 847 2368 Asinio,
875 2283 930 2348 sed
953 2281 1095 2347 eiusdem
1119 2283 1226 2368 gentis

95 2393 121 2450 et
139 2389 279 2455 familiae
307 2390 492 2456 hominibus
520 2389 668 2474 pluribus
696 2391 921 2474 communique
949 2389 1022 2453 usui
1050 2391 1226 2455 domestico

96 2497 250 2562 vasculum
272 2496 469 2562 destinatum
493 2501 573 2561 eret.
