<?xml version="1.0" encoding="UTF-8"?>
<!DOCTYPE html PUBLIC "-//W3C//DTD XHTML 1.0 Transitional//EN"
    "http://www.w3.org/TR/xhtml1/DTD/xhtml1-transitional.dtd">
<html xmlns="http://www.w3.org/1999/xhtml" xml:lang="en" lang="en">
 <head>
  <title>
</title>
<meta http-equiv="Content-Type" content="text/html;charset=utf-8" />
  <meta name='ocr-system' content='tesseract 3.04.00' />
  <meta name='ocr-capabilities' content='ocr_page ocr_carea ocr_par ocr_line ocrx_word'/>
</head>
<body>
  <div class='ocr_page' id='page_1' title='image "./fridericiritsch03wachgoog_0552.png"; bbox 0 0 3080 5142; ppageno 0'>
   <div class='ocr_carea' id='block_1_1' title="bbox 467 370 1215 436">
    <p class='ocr_par' dir='ltr' id='par_1_1' title="bbox 467 370 1215 436">
     <span class='ocr_line' id='line_1_1' title="bbox 467 370 1215 436; baseline -0.003 0"><span class='ocrx_word' id='word_1_1' title='bbox 467 387 749 436; x_wconf 78' lang='lat' dir='ltr'>svrenauuurvu</span> <span class='ocrx_word' id='word_1_2' title='bbox 773 389 821 434; x_wconf 91' lang='lat'>111.</span> <span class='ocrx_word' id='word_1_3' title='bbox 1150 370 1215 435; x_wconf 77' lang='lat'>527</span> 
     </span>
    </p>
   </div>
   <div class='ocr_carea' id='block_1_2' title="bbox 101 528 1251 4556">
    <p class='ocr_par' dir='ltr' id='par_1_2' title="bbox 101 528 1217 1662">
     <span class='ocr_line' id='line_1_2' title="bbox 101 528 1216 614; baseline 0 -20"><span class='ocrx_word' id='word_1_4' title='bbox 101 529 145 594; x_wconf 87' lang='lat' dir='ltr'>illa</span> <span class='ocrx_word' id='word_1_5' title='bbox 164 533 274 614; x_wconf 72' lang='lat' dir='ltr'>aetam,</span> <span class='ocrx_word' id='word_1_6' title='bbox 302 551 365 614; x_wconf 88' lang='lat' dir='ltr'>qua</span> <span class='ocrx_word' id='word_1_7' title='bbox 389 529 537 596; x_wconf 85' lang='lat' dir='ltr'>consules</span> <span class='ocrx_word' id='word_1_8' title='bbox 561 530 693 597; x_wconf 88' lang='lat' dir='ltr'>omuino</span> <span class='ocrx_word' id='word_1_9' title='bbox 719 529 803 595; x_wconf 91' lang='lat' dir='ltr'>nulli</span> <span class='ocrx_word' id='word_1_10' title='bbox 824 528 968 612; x_wconf 81' lang='lat' dir='ltr'>fuerunt,</span> <span class='ocrx_word' id='word_1_11' title='bbox 997 551 1159 594; x_wconf 89' lang='lat' dir='ltr'>summum</span> <span class='ocrx_word' id='word_1_12' title='bbox 1181 530 1216 594; x_wconf 89' lang='lat' dir='ltr'>iu</span> 
     </span>
     <span class='ocr_line' id='line_1_3' title="bbox 102 636 1215 721; baseline 0 -21"><span class='ocrx_word' id='word_1_13' title='bbox 102 636 260 720; x_wconf 89' lang='lat' dir='ltr'>republica</span> <span class='ocrx_word' id='word_1_14' title='bbox 280 636 455 721; x_wconf 88' lang='lat' dir='ltr'>imperium</span> <span class='ocrx_word' id='word_1_15' title='bbox 477 637 600 702; x_wconf 89' lang='lat' dir='ltr'>tribuni</span> <span class='ocrx_word' id='word_1_16' title='bbox 624 637 765 708; x_wconf 87' lang='lat' dir='ltr'>militurn</span> <span class='ocrx_word' id='word_1_17' title='bbox 789 637 951 703; x_wconf 89' lang='lat' dir='ltr'>consulari</span> <span class='ocrx_word' id='word_1_18' title='bbox 974 637 1136 719; x_wconf 73' lang='lat' dir='ltr'>potestate</span> <span class='ocrx_word' id='word_1_19' title='bbox 1159 636 1215 702; x_wconf 95' lang='lat' dir='ltr'>ob-</span> 
     </span>
     <span class='ocr_line' id='line_1_4' title="bbox 101 741 1215 836; baseline 0 -30"><span class='ocrx_word' id='word_1_20' title='bbox 101 743 248 808; x_wconf 84' lang='lat' dir='ltr'>tinuerunt</span> <span class='ocrx_word' id='word_1_21' title='bbox 288 741 377 818; x_wconf 83' lang='lat' dir='ltr'>Quos</span> <span class='ocrx_word' id='word_1_22' title='bbox 399 743 549 810; x_wconf 87' lang='lat' dir='ltr'>tribunos</span> <span class='ocrx_word' id='word_1_23' title='bbox 572 745 712 810; x_wconf 87' lang='lat' dir='ltr'>militum</span> <span class='ocrx_word' id='word_1_24' title='bbox 736 741 827 828; x_wconf 79' lang='lat' dir='ltr'>(aunt</span> <span class='ocrx_word' id='word_1_25' title='bbox 850 746 957 808; x_wconf 86' lang='lat' dir='ltr'>autem</span> <span class='ocrx_word' id='word_1_26' title='bbox 982 741 1037 836; x_wconf 80' lang='lat' dir='ltr'>qui</span> <span class='ocrx_word' id='word_1_27' title='bbox 1059 741 1122 808; x_wconf 88' lang='lat' dir='ltr'>huo</span> <span class='ocrx_word' id='word_1_28' title='bbox 1144 763 1215 826; x_wconf 91' lang='lat' dir='ltr'>per·</span> 
     </span>
     <span class='ocr_line' id='line_1_5' title="bbox 102 847 1215 938; baseline -0.002 -24"><span class='ocrx_word' id='word_1_29' title='bbox 102 850 202 916; x_wconf 81' lang='lat' dir='ltr'>taceat</span> <span class='ocrx_word' id='word_1_30' title='bbox 221 871 354 915; x_wconf 88' lang='lat' dir='ltr'>numero</span> <span class='ocrx_word' id='word_1_31' title='bbox 377 847 501 938; x_wconf 89' lang='lat' dir='ltr'>decem)</span> <span class='ocrx_word' id='word_1_32' title='bbox 528 851 584 916; x_wconf 91' lang='lat' dir='ltr'>ubi</span> <span class='ocrx_word' id='word_1_33' title='bbox 613 871 686 916; x_wconf 91' lang='lat' dir='ltr'>cum</span> <span class='ocrx_word' id='word_1_34' title='bbox 711 850 793 935; x_wconf 88' lang='lat' dir='ltr'>ipsis</span> <span class='ocrx_word' id='word_1_35' title='bbox 816 849 1002 915; x_wconf 88' lang='lat' dir='ltr'>consulibus</span> <span class='ocrx_word' id='word_1_36' title='bbox 1027 849 1215 934; x_wconf 77' lang='lat' dir='ltr'><strong>aequaveris</strong></span> 
     </span>
     <span class='ocr_line' id='line_1_6' title="bbox 104 955 1217 1041; baseline -0.002 -19"><span class='ocrx_word' id='word_1_37' title='bbox 104 956 203 1022; x_wconf 90' lang='lat' dir='ltr'>-hoo</span> <span class='ocrx_word' id='word_1_38' title='bbox 224 956 308 1022; x_wconf 86' lang='lat' dir='ltr'>enim</span> <span class='ocrx_word' id='word_1_39' title='bbox 332 957 406 1040; x_wconf 90' lang='lat' dir='ltr'>quis</span> <span class='ocrx_word' id='word_1_40' title='bbox 429 958 482 1023; x_wconf 84' lang='lat' dir='ltr'>vel</span> <span class='ocrx_word' id='word_1_41' title='bbox 504 957 651 1041; x_wconf 83' lang='lat' dir='ltr'>potuisse</span> <span class='ocrx_word' id='word_1_42' title='bbox 678 955 749 1021; x_wconf 90' lang='lat' dir='ltr'>fieri</span> <span class='ocrx_word' id='word_1_43' title='bbox 771 957 822 1021; x_wconf 84' lang='lat' dir='ltr'>vel</span> <span class='ocrx_word' id='word_1_44' title='bbox 844 955 966 1022; x_wconf 89' lang='lat' dir='ltr'>rationi</span> <span class='ocrx_word' id='word_1_45' title='bbox 989 956 1217 1022; x_wconf 88' lang='lat' dir='ltr'>convenienter</span> 
     </span>
     <span class='ocr_line' id='line_1_7' title="bbox 102 1061 1216 1148; baseline 0.002 -23"><span class='ocrx_word' id='word_1_46' title='bbox 102 1061 197 1128; x_wconf 67' lang='lat' dir='ltr'>lacum</span> <span class='ocrx_word' id='word_1_47' title='bbox 222 1085 290 1128; x_wconf 86' lang='lat' dir='ltr'>esse</span> <span class='ocrx_word' id='word_1_48' title='bbox 312 1063 507 1148; x_wconf 76' lang='lat' dir='ltr'>negaverit?</span> <span class='ocrx_word' id='word_1_49' title='bbox 530 1101 572 1111; x_wconf 93' lang='lat'>—</span> <span class='ocrx_word' id='word_1_50' title='bbox 597 1067 729 1129; x_wconf 86' lang='lat' dir='ltr'>manent</span> <span class='ocrx_word' id='word_1_51' title='bbox 752 1062 866 1129; x_wconf 87' lang='lat' dir='ltr'>calculi</span> <span class='ocrx_word' id='word_1_52' title='bbox 889 1064 966 1146; x_wconf 89' lang='lat' dir='ltr'>mei,</span> <span class='ocrx_word' id='word_1_53' title='bbox 996 1064 1024 1128; x_wconf 90' lang='lat' dir='ltr'>si</span> <span class='ocrx_word' id='word_1_54' title='bbox 1047 1086 1068 1129; x_wconf 87' lang='lat' dir='ltr'>a</span> <span class='ocrx_word' id='word_1_55' title='bbox 1089 1063 1216 1128; x_wconf 81' lang='lat' dir='ltr'>leuiori-</span> 
     </span>
     <span class='ocr_line' id='line_1_8' title="bbox 103 1168 1216 1254; baseline 0.002 -23"><span class='ocrx_word' id='word_1_56' title='bbox 103 1168 146 1232; x_wconf 85' lang='lat' dir='ltr'>bus</span> <span class='ocrx_word' id='word_1_57' title='bbox 168 1168 351 1252; x_wconf 85' lang='lat' dir='ltr'>quibusdam</span> <span class='ocrx_word' id='word_1_58' title='bbox 383 1170 479 1236; x_wconf 88' lang='lat' dir='ltr'>rebus</span> <span class='ocrx_word' id='word_1_59' title='bbox 510 1170 563 1236; x_wconf 82' lang='lat' dir='ltr'>vel</span> <span class='ocrx_word' id='word_1_60' title='bbox 595 1174 711 1254; x_wconf 88' lang='lat' dir='ltr'>suapte</span> <span class='ocrx_word' id='word_1_61' title='bbox 739 1174 857 1235; x_wconf 88' lang='lat' dir='ltr'>natura</span> <span class='ocrx_word' id='word_1_62' title='bbox 883 1169 990 1235; x_wconf 90' lang='lat' dir='ltr'>dubiis</span> <span class='ocrx_word' id='word_1_63' title='bbox 1020 1169 1216 1252; x_wconf 77' lang='lat' dir='ltr'>discesseris,</span> 
     </span>
     <span class='ocr_line' id='line_1_9' title="bbox 102 1274 1215 1361; baseline 0.001 -23"><span class='ocrx_word' id='word_1_64' title='bbox 102 1295 208 1356; x_wconf 86' lang='lat' dir='ltr'>prorsus</span> <span class='ocrx_word' id='word_1_65' title='bbox 229 1274 307 1340; x_wconf 84' lang='lat' dir='ltr'>recti</span> <span class='ocrx_word' id='word_1_66' title='bbox 331 1278 429 1360; x_wconf 85' lang='lat' dir='ltr'>atque</span> <span class='ocrx_word' id='word_1_67' title='bbox 447 1275 580 1361; x_wconf 80' lang='lat' dir='ltr'>integri,</span> <span class='ocrx_word' id='word_1_68' title='bbox 604 1285 701 1361; x_wconf 86' lang='lat' dir='ltr'>atque</span> <span class='ocrx_word' id='word_1_69' title='bbox 716 1276 795 1342; x_wconf 85' lang='lat' dir='ltr'>adeo</span> <span class='ocrx_word' id='word_1_70' title='bbox 809 1277 918 1360; x_wconf 90' lang='lat' dir='ltr'>paullo</span> <span class='ocrx_word' id='word_1_71' title='bbox 934 1275 1119 1341; x_wconf 87' lang='lat' dir='ltr'>distinctius</span> <span class='ocrx_word' id='word_1_72' title='bbox 1133 1275 1215 1340; x_wconf 91' lang='lat' dir='ltr'>illud</span> 
     </span>
     <span class='ocr_line' id='line_1_10' title="bbox 102 1379 1215 1468; baseline 0.002 -24"><span class='ocrx_word' id='word_1_73' title='bbox 102 1379 206 1464; x_wconf 86' lang='lat' dir='ltr'>docent,</span> <span class='ocrx_word' id='word_1_74' title='bbox 233 1381 393 1465; x_wconf 89' lang='lat' dir='ltr'>quomodo</span> <span class='ocrx_word' id='word_1_75' title='bbox 416 1405 474 1465; x_wconf 90' lang='lat' dir='ltr'>per</span> <span class='ocrx_word' id='word_1_76' title='bbox 497 1383 576 1448; x_wconf 86' lang='lat' dir='ltr'>duas</span> <span class='ocrx_word' id='word_1_77' title='bbox 601 1386 736 1468; x_wconf 86' lang='lat' dir='ltr'>aetates,</span> <span class='ocrx_word' id='word_1_78' title='bbox 759 1383 835 1448; x_wconf 88' lang='lat' dir='ltr'>anni</span> <span class='ocrx_word' id='word_1_79' title='bbox 858 1383 986 1448; x_wconf 79' lang='lat' dir='ltr'>circiter</span> <span class='ocrx_word' id='word_1_80' title='bbox 1008 1383 1072 1448; x_wconf 89' lang='grc'>391</span> <span class='ocrx_word' id='word_1_81' title='bbox 1097 1382 1215 1448; x_wconf 86' lang='lat' dir='ltr'>finibus</span> 
     </span>
     <span class='ocr_line' id='line_1_11' title="bbox 103 1485 1215 1574; baseline 0.003 -23"><span class='ocrx_word' id='word_1_82' title='bbox 103 1485 241 1572; x_wconf 63' lang='lat' dir='ltr'>domme,</span> <span class='ocrx_word' id='word_1_83' title='bbox 270 1487 350 1552; x_wconf 90' lang='lat' dir='ltr'>certi</span> <span class='ocrx_word' id='word_1_84' title='bbox 374 1507 565 1573; x_wconf 78' lang='lat' dir='ltr'>progressus</span> <span class='ocrx_word' id='word_1_85' title='bbox 589 1489 655 1555; x_wconf 89' lang='lat' dir='ltr'>sint</span> <span class='ocrx_word' id='word_1_86' title='bbox 676 1513 697 1555; x_wconf 93' lang='lat' dir='ltr'>a</span> <span class='ocrx_word' id='word_1_87' title='bbox 719 1490 882 1574; x_wconf 71' lang='lat' dir='ltr'>paucitate</span> <span class='ocrx_word' id='word_1_88' title='bbox 909 1489 949 1556; x_wconf 87' lang='lat' dir='ltr'>ad</span> <span class='ocrx_word' id='word_1_89' title='bbox 973 1489 1215 1554; x_wconf 84' lang='lat' dir='ltr'>multitudinem</span> 
     </span>
     <span class='ocr_line' id='line_1_12' title="bbox 102 1594 709 1662; baseline 0.005 -5"><span class='ocrx_word' id='word_1_90' title='bbox 102 1614 151 1658; x_wconf 89' lang='lat' dir='ltr'>non</span> <span class='ocrx_word' id='word_1_91' title='bbox 170 1594 380 1660; x_wconf 83' lang='lat' dir='ltr'>consularium</span> <span class='ocrx_word' id='word_1_92' title='bbox 402 1594 598 1662; x_wconf 87' lang='lat' dir='ltr'>dictatorum</span> <span class='ocrx_word' id='word_1_93' title='bbox 620 1595 709 1662; x_wconf 89' lang='lat' dir='ltr'>facti.</span> 
     </span>
    </p>

    <p class='ocr_par' dir='ltr' id='par_1_3' title="bbox 101 1698 1251 4556">
     <span class='ocr_line' id='line_1_13' title="bbox 170 1698 1215 1788; baseline 0.005 -22"><span class='ocrx_word' id='word_1_94' title='bbox 170 1698 276 1766; x_wconf 72' lang='lat' dir='ltr'>Uetera</span> <span class='ocrx_word' id='word_1_95' title='bbox 293 1722 376 1785; x_wconf 90' lang='lat' dir='ltr'>quae</span> <span class='ocrx_word' id='word_1_96' title='bbox 395 1723 416 1766; x_wconf 86' lang='lat' dir='ltr'>a</span> <span class='ocrx_word' id='word_1_97' title='bbox 428 1700 630 1767; x_wconf 86' lang='lat' dir='ltr'>Mommseno</span> <span class='ocrx_word' id='word_1_98' title='bbox 655 1701 735 1768; x_wconf 88' lang='lat' dir='ltr'>mihi</span> <span class='ocrx_word' id='word_1_99' title='bbox 754 1702 905 1786; x_wconf 89' lang='lat' dir='ltr'>opposita</span> <span class='ocrx_word' id='word_1_100' title='bbox 924 1701 1027 1782; x_wconf 89' lang='lat' dir='ltr'>video,</span> <span class='ocrx_word' id='word_1_101' title='bbox 1046 1708 1215 1788; x_wconf 86' lang='lat' dir='ltr'>quantum·</span> 
     </span>
     <span class='ocr_line' id='line_1_14' title="bbox 102 1806 1216 1893; baseline 0.004 -23"><span class='ocrx_word' id='word_1_102' title='bbox 102 1806 137 1870; x_wconf 81' lang='lat' dir='ltr'>ris</span> <span class='ocrx_word' id='word_1_103' title='bbox 163 1829 213 1891; x_wconf 87' lang='lat' dir='ltr'>per</span> <span class='ocrx_word' id='word_1_104' title='bbox 238 1831 270 1874; x_wconf 88' lang='lat' dir='ltr'>se</span> <span class='ocrx_word' id='word_1_105' title='bbox 297 1808 465 1874; x_wconf 83' lang='lat' dir='ltr'>fructuosa</span> <span class='ocrx_word' id='word_1_106' title='bbox 497 1808 537 1874; x_wconf 87' lang='lat' dir='ltr'>ad</span> <span class='ocrx_word' id='word_1_107' title='bbox 570 1810 685 1874; x_wconf 87' lang='lat' dir='ltr'>melius</span> <span class='ocrx_word' id='word_1_108' title='bbox 718 1808 956 1893; x_wconf 84' lang='lat' dir='ltr'>perspiciendas</span> <span class='ocrx_word' id='word_1_109' title='bbox 988 1809 1035 1873; x_wconf 92' lang='lat' dir='ltr'>rei</span> <span class='ocrx_word' id='word_1_110' title='bbox 1067 1811 1216 1893; x_wconf 87' lang='lat' dir='ltr'>publicae</span> 
     </span>
     <span class='ocr_line' id='line_1_15' title="bbox 102 1901 1248 2000; baseline 0.004 -24"><span class='ocrx_word' id='word_1_111' title='bbox 102 1913 218 1978; x_wconf 77' lang='lat' dir='ltr'>utores</span> <span class='ocrx_word' id='word_1_112' title='bbox 239 1915 497 2000; x_wconf 77' lang='lat' dir='ltr'>mutationesque</span> <span class='ocrx_word' id='word_1_113' title='bbox 516 1915 697 1999; x_wconf 81' lang='lat' dir='ltr'>videantur,</span> <span class='ocrx_word' id='word_1_114' title='bbox 720 1920 921 1980; x_wconf 89' lang='lat' dir='ltr'>tamencum</span> <span class='ocrx_word' id='word_1_115' title='bbox 943 1915 1011 1980; x_wconf 86' lang='lat' dir='ltr'>eius</span> <span class='ocrx_word' id='word_1_116' title='bbox 1030 1937 1112 2000; x_wconf 88' lang='lat' dir='ltr'>quae</span> <span class='ocrx_word' id='word_1_117' title='bbox 1131 1938 1216 1981; x_wconf 90' lang='lat' dir='ltr'>oum·</span> <span class='ocrx_word' id='word_1_118' title='bbox 1244 1901 1248 1918; x_wconf 62' lang='grc'><em>’</em></span> 
     </span>
     <span class='ocr_line' id='line_1_16' title="bbox 103 2021 1214 2107; baseline 0.006 -26"><span class='ocrx_word' id='word_1_119' title='bbox 103 2021 215 2085; x_wconf 85' lang='lat' dir='ltr'>maxime</span> <span class='ocrx_word' id='word_1_120' title='bbox 236 2023 344 2107; x_wconf 83' lang='lat' dir='ltr'>agitur</span> <span class='ocrx_word' id='word_1_121' title='bbox 366 2022 569 2107; x_wconf 76' lang='lat' dir='ltr'>quaestionis</span> <span class='ocrx_word' id='word_1_122' title='bbox 592 2022 725 2088; x_wconf 89' lang='lat' dir='ltr'>notione</span> <span class='ocrx_word' id='word_1_123' title='bbox 747 2043 815 2087; x_wconf 88' lang='lat' dir='ltr'>non</span> <span class='ocrx_word' id='word_1_124' title='bbox 837 2025 914 2086; x_wconf 90' lang='lat' dir='ltr'>sunt</span> <span class='ocrx_word' id='word_1_125' title='bbox 936 2043 974 2086; x_wconf 91' lang='lat' dir='ltr'>eo</span> <span class='ocrx_word' id='word_1_126' title='bbox 993 2022 1121 2088; x_wconf 83' lang='lat' dir='ltr'>vinculo</span> <span class='ocrx_word' id='word_1_127' title='bbox 1141 2044 1214 2088; x_wconf 89' lang='lat' dir='ltr'>cou-</span> 
     </span>
     <span class='ocr_line' id='line_1_17' title="bbox 102 2124 1214 2212; baseline 0.007 -26"><span class='ocrx_word' id='word_1_128' title='bbox 102 2124 201 2212; x_wconf 85' lang='lat' dir='ltr'>iuucla,</span> <span class='ocrx_word' id='word_1_129' title='bbox 226 2131 262 2192; x_wconf 92' lang='lat' dir='ltr'>ut</span> <span class='ocrx_word' id='word_1_130' title='bbox 288 2129 330 2194; x_wconf 86' lang='lat' dir='ltr'>ad</span> <span class='ocrx_word' id='word_1_131' title='bbox 357 2127 440 2194; x_wconf 88' lang='lat' dir='ltr'>hanc</span> <span class='ocrx_word' id='word_1_132' title='bbox 469 2129 676 2212; x_wconf 89' lang='lat' dir='ltr'>potissimum</span> <span class='ocrx_word' id='word_1_133' title='bbox 703 2127 915 2193; x_wconf 87' lang='lat' dir='ltr'>dirimendam</span> <span class='ocrx_word' id='word_1_134' title='bbox 942 2127 1081 2194; x_wconf 87' lang='lat' dir='ltr'>valeant.</span> <span class='ocrx_word' id='word_1_135' title='bbox 1129 2127 1214 2194; x_wconf 89' lang='lat' dir='ltr'>Nam</span> 
     </span>
     <span class='ocr_line' id='line_1_18' title="bbox 102 2232 1216 2320; baseline 0.005 -26"><span class='ocrx_word' id='word_1_136' title='bbox 102 2232 215 2312; x_wconf 87' lang='lat' dir='ltr'>primum</span> <span class='ocrx_word' id='word_1_137' title='bbox 236 2235 363 2320; x_wconf 91' lang='lat' dir='ltr'>quidem</span> <span class='ocrx_word' id='word_1_138' title='bbox 386 2234 498 2300; x_wconf 84' lang='lat' dir='ltr'>Livius</span> <span class='ocrx_word' id='word_1_139' title='bbox 522 2236 589 2300; x_wconf 85' lang='lat' dir='ltr'>sive</span> <span class='ocrx_word' id='word_1_140' title='bbox 613 2239 761 2301; x_wconf 88' lang='lat' dir='ltr'>accurate</span> <span class='ocrx_word' id='word_1_141' title='bbox 789 2239 822 2300; x_wconf 93' lang='lat' dir='ltr'>et</span> <span class='ocrx_word' id='word_1_142' title='bbox 849 2257 866 2301; x_wconf 92' lang='lat' dir='ltr'>e</span> <span class='ocrx_word' id='word_1_143' title='bbox 895 2258 972 2301; x_wconf 83' lang='lat' dir='ltr'>vero</span> <span class='ocrx_word' id='word_1_144' title='bbox 999 2235 1038 2300; x_wconf 91' lang='lat' dir='ltr'>de</span> <span class='ocrx_word' id='word_1_145' title='bbox 1067 2235 1127 2318; x_wconf 74' lang='lat' dir='ltr'>iope</span> <span class='ocrx_word' id='word_1_146' title='bbox 1148 2255 1216 2300; x_wconf 86' lang='lat' dir='ltr'>cou-</span> 
     </span>
     <span class='ocr_line' id='line_1_19' title="bbox 101 2338 1216 2428; baseline 0.003 -24"><span class='ocrx_word' id='word_1_147' title='bbox 101 2338 227 2404; x_wconf 75' lang='lat' dir='ltr'>uuluriam</span> <span class='ocrx_word' id='word_1_148' title='bbox 249 2341 453 2424; x_wconf 63' lang='lat' dir='ltr'>tequidem,</span> <span class='ocrx_word' id='word_1_149' title='bbox 477 2364 559 2427; x_wconf 89' lang='lat' dir='ltr'>quae</span> <span class='ocrx_word' id='word_1_150' title='bbox 577 2342 643 2408; x_wconf 87' lang='lat' dir='ltr'>iam</span> <span class='ocrx_word' id='word_1_151' title='bbox 663 2365 683 2407; x_wconf 91' lang='lat' dir='ltr'>a</span> <span class='ocrx_word' id='word_1_152' title='bbox 702 2342 860 2428; x_wconf 75' lang='lat' dir='ltr'>principio</span> <span class='ocrx_word' id='word_1_153' title='bbox 875 2341 1066 2424; x_wconf 88' lang='lat' dir='ltr'>obtinuerit,</span> <span class='ocrx_word' id='word_1_154' title='bbox 1089 2343 1216 2407; x_wconf 90' lang='lat' dir='ltr'>rettulit</span> 
     </span>
     <span class='ocr_line' id='line_1_20' title="bbox 103 2441 1216 2533; baseline 0.007 -29"><span class='ocrx_word' id='word_1_155' title='bbox 103 2441 157 2508; x_wconf 91' lang='lat' dir='ltr'>lll</span> <span class='ocrx_word' id='word_1_156' title='bbox 176 2467 197 2510; x_wconf 92' lang='lat' dir='ltr'>c.</span> <span class='ocrx_word' id='word_1_157' title='bbox 217 2447 265 2532; x_wconf 90' lang='lat'>18,</span> <span class='ocrx_word' id='word_1_158' title='bbox 295 2448 363 2513; x_wconf 84' lang='lat' dir='ltr'>sire</span> <span class='ocrx_word' id='word_1_159' title='bbox 386 2449 604 2533; x_wconf 86' lang='lat' dir='ltr'>posteriorum</span> <span class='ocrx_word' id='word_1_160' title='bbox 632 2454 801 2515; x_wconf 87' lang='lat' dir='ltr'>auctorum</span> <span class='ocrx_word' id='word_1_161' title='bbox 824 2448 875 2514; x_wconf 89' lang='lat' dir='ltr'>vel</span> <span class='ocrx_word' id='word_1_162' title='bbox 897 2447 1010 2512; x_wconf 87' lang='lat' dir='ltr'>fraude</span> <span class='ocrx_word' id='word_1_163' title='bbox 1032 2449 1084 2514; x_wconf 81' lang='lat' dir='ltr'>vel</span> <span class='ocrx_word' id='word_1_164' title='bbox 1107 2469 1216 2514; x_wconf 90' lang='lat' dir='ltr'>errore</span> 
     </span>
     <span class='ocr_line' id='line_1_21' title="bbox 102 2548 1215 2641; baseline 0.003 -26"><span class='ocrx_word' id='word_1_165' title='bbox 102 2548 225 2636; x_wconf 80' lang='lat' dir='ltr'>deceptus</span> <span class='ocrx_word' id='word_1_166' title='bbox 247 2555 287 2620; x_wconf 88' lang='lat' dir='ltr'>ad</span> <span class='ocrx_word' id='word_1_167' title='bbox 310 2555 540 2640; x_wconf 89' lang='lat' dir='ltr'>antiquitatem</span> <span class='ocrx_word' id='word_1_168' title='bbox 562 2556 732 2622; x_wconf 87' lang='lat' dir='ltr'>transtulit</span> <span class='ocrx_word' id='word_1_169' title='bbox 758 2556 843 2641; x_wconf 88' lang='lat' dir='ltr'>qood</span> <span class='ocrx_word' id='word_1_170' title='bbox 870 2554 1058 2621; x_wconf 87' lang='lat' dir='ltr'>recentioris</span> <span class='ocrx_word' id='word_1_171' title='bbox 1086 2555 1215 2620; x_wconf 90' lang='lat' dir='ltr'>demum</span> 
     </span>
     <span class='ocr_line' id='line_1_22' title="bbox 102 2658 1251 2746; baseline 0.006 -30"><span class='ocrx_word' id='word_1_172' title='bbox 102 2658 194 2723; x_wconf 73' lang='lat' dir='ltr'>aeuus</span> <span class='ocrx_word' id='word_1_173' title='bbox 222 2681 310 2728; x_wconf 89' lang='lat' dir='ltr'>more</span> <span class='ocrx_word' id='word_1_174' title='bbox 341 2661 585 2726; x_wconf 86' lang='lat' dir='ltr'>inorebruisset:</span> <span class='ocrx_word' id='word_1_175' title='bbox 619 2661 696 2746; x_wconf 91' lang='lat' dir='ltr'>quid</span> <span class='ocrx_word' id='word_1_176' title='bbox 728 2661 760 2726; x_wconf 92' lang='lat' dir='ltr'>id</span> <span class='ocrx_word' id='word_1_177' title='bbox 792 2660 832 2727; x_wconf 87' lang='lat' dir='ltr'>ad</span> <span class='ocrx_word' id='word_1_178' title='bbox 865 2662 970 2745; x_wconf 87' lang='lat' dir='ltr'>ipsam</span> <span class='ocrx_word' id='word_1_179' title='bbox 1001 2661 1214 2745; x_wconf 88' lang='lat' dir='ltr'>posteriorem</span> <span class='ocrx_word' id='word_1_180' title='bbox 1229 2683 1251 2722; x_wconf 86' lang='lat' dir='ltr'>x</span> 
     </span>
     <span class='ocr_line' id='line_1_23' title="bbox 102 2767 1216 2852; baseline 0 -20"><span class='ocrx_word' id='word_1_181' title='bbox 102 2767 216 2832; x_wconf 74' lang='lat' dir='ltr'>uuum</span> <span class='ocrx_word' id='word_1_182' title='bbox 237 2768 441 2834; x_wconf 88' lang='lat' dir='ltr'>iudicandam</span> <span class='ocrx_word' id='word_1_183' title='bbox 469 2767 617 2834; x_wconf 82' lang='lat' dir='ltr'>confert?</span> <span class='ocrx_word' id='word_1_184' title='bbox 662 2768 746 2834; x_wconf 89' lang='lat' dir='ltr'>Item</span> <span class='ocrx_word' id='word_1_185' title='bbox 774 2789 846 2833; x_wconf 90' lang='lat' dir='ltr'>cum</span> <span class='ocrx_word' id='word_1_186' title='bbox 870 2788 931 2852; x_wconf 83' lang='lat' dir='ltr'>ego</span> <span class='ocrx_word' id='word_1_187' title='bbox 954 2767 1107 2834; x_wconf 85' lang='lat' dir='ltr'>dixissem</span> <span class='ocrx_word' id='word_1_188' title='bbox 1131 2767 1216 2833; x_wconf 89' lang='lat' dir='ltr'>circe</span> 
     </span>
     <span class='ocr_line' id='line_1_24' title="bbox 103 2873 1217 2960; baseline 0.005 -28"><span class='ocrx_word' id='word_1_189' title='bbox 103 2889 197 2936; x_wconf 82' lang='lat' dir='ltr'>aarum</span> <span class='ocrx_word' id='word_1_190' title='bbox 223 2897 252 2940; x_wconf 92' lang='lat' dir='ltr'>u.</span> <span class='ocrx_word' id='word_1_191' title='bbox 278 2895 303 2938; x_wconf 91' lang='lat' dir='ltr'>c.</span> <span class='ocrx_word' id='word_1_192' title='bbox 327 2873 395 2938; x_wconf 86' lang='lat'>434</span> <span class='ocrx_word' id='word_1_193' title='bbox 423 2874 525 2940; x_wconf 81' lang='lat' dir='ltr'>rideri</span> <span class='ocrx_word' id='word_1_194' title='bbox 553 2895 640 2940; x_wconf 84' lang='lat' dir='ltr'>nova</span> <span class='ocrx_word' id='word_1_195' title='bbox 672 2875 732 2958; x_wconf 71' lang='lat' dir='ltr'>lupe</span> <span class='ocrx_word' id='word_1_196' title='bbox 763 2874 874 2960; x_wconf 89' lang='lat' dir='ltr'>aliqua</span> <span class='ocrx_word' id='word_1_197' title='bbox 907 2874 947 2939; x_wconf 90' lang='lat' dir='ltr'>ad</span> <span class='ocrx_word' id='word_1_198' title='bbox 978 2875 1153 2959; x_wconf 87' lang='lat' dir='ltr'>pristinam</span> <span class='ocrx_word' id='word_1_199' title='bbox 1182 2874 1217 2938; x_wconf 92' lang='lat' dir='ltr'>in</span> 
     </span>
     <span class='ocr_line' id='line_1_25' title="bbox 102 2978 1217 3067; baseline 0.004 -25"><span class='ocrx_word' id='word_1_200' title='bbox 102 2978 454 3046; x_wconf 64' lang='lat' dir='ltr'>anteriorandum</span> <span class='ocrx_word' id='word_1_201' title='bbox 478 2982 684 3046; x_wconf 85' lang='lat' dir='ltr'>severitatem</span> <span class='ocrx_word' id='word_1_202' title='bbox 707 2980 847 3046; x_wconf 90' lang='lat' dir='ltr'>reditum</span> <span class='ocrx_word' id='word_1_203' title='bbox 872 2985 1088 3065; x_wconf 66' lang='lat' dir='ltr'>essecestra</span> <span class='ocrx_word' id='word_1_204' title='bbox 1110 2981 1217 3067; x_wconf 85' lang='lat' dir='ltr'>dispu-</span> 
     </span>
     <span class='ocr_line' id='line_1_26' title="bbox 102 3083 1217 3172; baseline 0.006 -25"><span class='ocrx_word' id='word_1_205' title='bbox 102 3083 158 3147; x_wconf 81' lang='lat' dir='ltr'>tms</span> <span class='ocrx_word' id='word_1_206' title='bbox 177 3083 389 3153; x_wconf 84' lang='lat' dir='ltr'>Mommeonus</span> <span class='ocrx_word' id='word_1_207' title='bbox 414 3087 628 3172; x_wconf 89' lang='lat' dir='ltr'>commodius,</span> <span class='ocrx_word' id='word_1_208' title='bbox 655 3087 813 3172; x_wconf 89' lang='lat' dir='ltr'>quamde</span> <span class='ocrx_word' id='word_1_209' title='bbox 838 3087 910 3171; x_wconf 79' lang='lat' dir='ltr'>lepe,</span> <span class='ocrx_word' id='word_1_210' title='bbox 941 3087 980 3152; x_wconf 88' lang='lat' dir='ltr'>de</span> <span class='ocrx_word' id='word_1_211' title='bbox 1008 3089 1116 3154; x_wconf 89' lang='lat' dir='ltr'>senati</span> <span class='ocrx_word' id='word_1_212' title='bbox 1143 3111 1217 3154; x_wconf 90' lang='lat' dir='ltr'>oon-</span> 
     </span>
     <span class='ocr_line' id='line_1_27' title="bbox 103 3187 1218 3284; baseline 0.004 -30"><span class='ocrx_word' id='word_1_213' title='bbox 103 3187 168 3254; x_wconf 79' lang='lat' dir='ltr'>ulto</span> <span class='ocrx_word' id='word_1_214' title='bbox 192 3194 324 3284; x_wconf 79' lang='lat' dir='ltr'>eogitari</span> <span class='ocrx_word' id='word_1_215' title='bbox 352 3198 404 3260; x_wconf 91' lang='lat' dir='ltr'>sat</span> <span class='ocrx_word' id='word_1_216' title='bbox 431 3215 509 3259; x_wconf 89' lang='lat' dir='ltr'>sane</span> <span class='ocrx_word' id='word_1_217' title='bbox 539 3193 752 3278; x_wconf 77' lang='lat' dir='ltr'>probabiliter</span> <span class='ocrx_word' id='word_1_218' title='bbox 784 3192 1009 3259; x_wconf 89' lang='lat' dir='ltr'>ratiocinatur:</span> <span class='ocrx_word' id='word_1_219' title='bbox 1042 3217 1153 3261; x_wconf 85' lang='lat' dir='ltr'>verum</span> <span class='ocrx_word' id='word_1_220' title='bbox 1180 3200 1218 3259; x_wconf 91' lang='lat' dir='ltr'>ut</span> 
     </span>
     <span class='ocr_line' id='line_1_28' title="bbox 103 3295 1216 3386; baseline 0.005 -28"><span class='ocrx_word' id='word_1_221' title='bbox 103 3295 186 3362; x_wconf 75' lang='lat' dir='ltr'>brnen</span> <span class='ocrx_word' id='word_1_222' title='bbox 205 3321 243 3366; x_wconf 91' lang='lat' dir='ltr'>ue</span> <span class='ocrx_word' id='word_1_223' title='bbox 265 3300 327 3366; x_wconf 93' lang='lat' dir='ltr'>hoc</span> <span class='ocrx_word' id='word_1_224' title='bbox 350 3300 481 3386; x_wconf 89' lang='lat' dir='ltr'>quidem</span> <span class='ocrx_word' id='word_1_225' title='bbox 503 3300 545 3365; x_wconf 88' lang='lat' dir='ltr'>ad</span> <span class='ocrx_word' id='word_1_226' title='bbox 568 3304 654 3366; x_wconf 85' lang='lat' dir='ltr'>reete</span> <span class='ocrx_word' id='word_1_227' title='bbox 678 3299 926 3366; x_wconf 81' lang='lat' dir='ltr'>existimandam</span> <span class='ocrx_word' id='word_1_228' title='bbox 948 3323 1015 3367; x_wconf 88' lang='lat' dir='ltr'>uon</span> <span class='ocrx_word' id='word_1_229' title='bbox 1037 3300 1216 3366; x_wconf 85' lang='lat' dir='ltr'>consularis</span> 
     </span>
     <span class='ocr_line' id='line_1_29' title="bbox 103 3395 1216 3491; baseline 0.002 -21"><span class='ocrx_word' id='word_1_230' title='bbox 103 3395 217 3470; x_wconf 74' lang='lat' dir='ltr'>homine</span> <span class='ocrx_word' id='word_1_231' title='bbox 231 3405 366 3474; x_wconf 88' lang='lat' dir='ltr'>Minucii</span> <span class='ocrx_word' id='word_1_232' title='bbox 388 3407 582 3474; x_wconf 77' lang='lat' dir='ltr'>dictaturam</span> <span class='ocrx_word' id='word_1_233' title='bbox 601 3407 700 3472; x_wconf 89' lang='lat' dir='ltr'>ullam</span> <span class='ocrx_word' id='word_1_234' title='bbox 720 3406 785 3472; x_wconf 82' lang='lat' dir='ltr'>vim</span> <span class='ocrx_word' id='word_1_235' title='bbox 804 3407 938 3473; x_wconf 85' lang='lat' dir='ltr'>habeat:</span> <span class='ocrx_word' id='word_1_236' title='bbox 960 3429 1020 3473; x_wconf 90' lang='lat' dir='ltr'>nee</span> <span class='ocrx_word' id='word_1_237' title='bbox 1039 3408 1126 3473; x_wconf 89' lang='lat' dir='ltr'>enim</span> <span class='ocrx_word' id='word_1_238' title='bbox 1144 3428 1216 3491; x_wconf 90' lang='lat' dir='ltr'>pro·</span> 
     </span>
     <span class='ocr_line' id='line_1_30' title="bbox 102 3502 1216 3600; baseline 0.004 -28"><span class='ocrx_word' id='word_1_239' title='bbox 102 3502 167 3572; x_wconf 78' lang='lat' dir='ltr'>feu</span> <span class='ocrx_word' id='word_1_240' title='bbox 190 3510 280 3579; x_wconf 91' lang='lat' dir='ltr'>huius</span> <span class='ocrx_word' id='word_1_241' title='bbox 308 3514 488 3581; x_wconf 80' lang='lat' dir='ltr'>dictaturae</span> <span class='ocrx_word' id='word_1_242' title='bbox 516 3514 647 3600; x_wconf 77' lang='lat' dir='ltr'>gravior</span> <span class='ocrx_word' id='word_1_243' title='bbox 674 3513 849 3579; x_wconf 88' lang='lat' dir='ltr'>insolentia</span> <span class='ocrx_word' id='word_1_244' title='bbox 876 3515 926 3598; x_wconf 88' lang='lat' dir='ltr'>lit,</span> <span class='ocrx_word' id='word_1_245' title='bbox 958 3513 986 3578; x_wconf 86' lang='lat' dir='ltr'>ei</span> <span class='ocrx_word' id='word_1_246' title='bbox 1013 3535 1079 3578; x_wconf 89' lang='lat' dir='ltr'>non</span> <span class='ocrx_word' id='word_1_247' title='bbox 1102 3514 1216 3598; x_wconf 80' lang='lat' dir='ltr'>alege</span> 
     </span>
     <span class='ocr_line' id='line_1_31' title="bbox 103 3617 1216 3704; baseline 0.004 -24"><span class='ocrx_word' id='word_1_248' title='bbox 103 3617 198 3702; x_wconf 80' lang='lat' dir='ltr'>populi,</span> <span class='ocrx_word' id='word_1_249' title='bbox 220 3620 273 3685; x_wconf 89' lang='lat' dir='ltr'>sed</span> <span class='ocrx_word' id='word_1_250' title='bbox 297 3643 317 3686; x_wconf 90' lang='lat' dir='ltr'>a</span> <span class='ocrx_word' id='word_1_251' title='bbox 340 3622 446 3686; x_wconf 90' lang='lat' dir='ltr'>senati</span> <span class='ocrx_word' id='word_1_252' title='bbox 469 3622 616 3686; x_wconf 90' lang='lat' dir='ltr'>consulto</span> <span class='ocrx_word' id='word_1_253' title='bbox 641 3624 729 3685; x_wconf 90' lang='lat' dir='ltr'>certa</span> <span class='ocrx_word' id='word_1_254' title='bbox 747 3642 829 3704; x_wconf 88' lang='lat' dir='ltr'>quae</span> <span class='ocrx_word' id='word_1_255' title='bbox 847 3623 924 3704; x_wconf 90' lang='lat' dir='ltr'>post</span> <span class='ocrx_word' id='word_1_256' title='bbox 942 3641 1061 3685; x_wconf 89' lang='lat' dir='ltr'>annum</span> <span class='ocrx_word' id='word_1_257' title='bbox 1080 3619 1145 3684; x_wconf 88' lang='grc'>433</span> <span class='ocrx_word' id='word_1_258' title='bbox 1168 3620 1216 3684; x_wconf 86' lang='lat' dir='ltr'>in·</span> 
     </span>
     <span class='ocr_line' id='line_1_32' title="bbox 104 3717 1215 3812; baseline 0.01 -33"><span class='ocrx_word' id='word_1_259' title='bbox 104 3717 396 3792; x_wconf 81' lang='lat' dir='ltr'>valuitoonsuetudo</span> <span class='ocrx_word' id='word_1_260' title='bbox 419 3727 584 3812; x_wconf 90' lang='lat' dir='ltr'>repetitur.</span> <span class='ocrx_word' id='word_1_261' title='bbox 624 3726 713 3811; x_wconf 76' lang='lat' dir='ltr'>Ergo</span> <span class='ocrx_word' id='word_1_262' title='bbox 737 3725 773 3790; x_wconf 90' lang='lat' dir='ltr'>hi</span> <span class='ocrx_word' id='word_1_263' title='bbox 796 3726 858 3792; x_wconf 91' lang='lat' dir='ltr'>duo</span> <span class='ocrx_word' id='word_1_264' title='bbox 883 3725 1130 3812; x_wconf 80' lang='lat' dir='ltr'>argumentandi</span> <span class='ocrx_word' id='word_1_265' title='bbox 1152 3725 1215 3790; x_wconf 92' lang='lat' dir='ltr'>loci</span> 
     </span>
     <span class='ocr_line' id='line_1_33' title="bbox 104 3829 1215 3918; baseline 0.007 -28"><span class='ocrx_word' id='word_1_266' title='bbox 104 3841 157 3890; x_wconf 75' lang='lat' dir='ltr'>eun</span> <span class='ocrx_word' id='word_1_267' title='bbox 176 3829 212 3894; x_wconf 89' lang='lat' dir='ltr'>ad</span> <span class='ocrx_word' id='word_1_268' title='bbox 232 3855 283 3899; x_wconf 87' lang='lat' dir='ltr'>res</span> <span class='ocrx_word' id='word_1_269' title='bbox 307 3833 513 3900; x_wconf 72' lang='lat' dir='ltr'>secundariae</span> <span class='ocrx_word' id='word_1_270' title='bbox 538 3831 584 3918; x_wconf 89' lang='lat' dir='ltr'>(h.</span> <span class='ocrx_word' id='word_1_271' title='bbox 599 3856 625 3898; x_wconf 89' lang='lat' dir='ltr'>e.</span> <span class='ocrx_word' id='word_1_272' title='bbox 643 3834 677 3898; x_wconf 92' lang='lat' dir='ltr'>iu</span> <span class='ocrx_word' id='word_1_273' title='bbox 699 3833 762 3899; x_wconf 88' lang='lat' dir='ltr'>bac</span> <span class='ocrx_word' id='word_1_274' title='bbox 780 3833 969 3917; x_wconf 86' lang='lat' dir='ltr'>quaestione</span> <span class='ocrx_word' id='word_1_275' title='bbox 993 3831 1215 3916; x_wconf 84' lang='lat' dir='ltr'>secundariae)</span> 
     </span>
     <span class='ocr_line' id='line_1_34' title="bbox 103 3937 1215 4025; baseline 0.003 -26"><span class='ocrx_word' id='word_1_276' title='bbox 103 3937 231 4022; x_wconf 73' lang='lat' dir='ltr'>spuunt,</span> <span class='ocrx_word' id='word_1_277' title='bbox 251 3940 324 4023; x_wconf 89' lang='lat' dir='ltr'>plus</span> <span class='ocrx_word' id='word_1_278' title='bbox 348 3939 500 4025; x_wconf 88' lang='lat' dir='ltr'>ponderis</span> <span class='ocrx_word' id='word_1_279' title='bbox 525 3940 626 4005; x_wconf 80' lang='lat' dir='ltr'>videri</span> <span class='ocrx_word' id='word_1_280' title='bbox 644 3943 753 4024; x_wconf 85' lang='lat' dir='ltr'>potest</span> <span class='ocrx_word' id='word_1_281' title='bbox 770 3939 850 4005; x_wconf 90' lang='lat' dir='ltr'>illud</span> <span class='ocrx_word' id='word_1_282' title='bbox 869 3938 998 4016; x_wconf 88' lang='lat' dir='ltr'>habere,</span> <span class='ocrx_word' id='word_1_283' title='bbox 1021 3938 1107 4023; x_wconf 91' lang='lat' dir='ltr'>quod</span> <span class='ocrx_word' id='word_1_284' title='bbox 1126 3959 1215 4003; x_wconf 89' lang='lat' dir='ltr'>oaus-</span> 
     </span>
     <span class='ocr_line' id='line_1_35' title="bbox 104 4043 1215 4130; baseline 0.015 -36"><span class='ocrx_word' id='word_1_285' title='bbox 104 4052 157 4100; x_wconf 84' lang='lat' dir='ltr'>sam</span> <span class='ocrx_word' id='word_1_286' title='bbox 179 4047 308 4130; x_wconf 88' lang='lat' dir='ltr'>perspici</span> <span class='ocrx_word' id='word_1_287' title='bbox 333 4044 554 4110; x_wconf 85' lang='lat' dir='ltr'>Mommsenus</span> <span class='ocrx_word' id='word_1_288' title='bbox 583 4049 695 4130; x_wconf 79' lang='lat' dir='ltr'>negat,</span> <span class='ocrx_word' id='word_1_289' title='bbox 728 4066 784 4110; x_wconf 87' lang='lat' dir='ltr'>our</span> <span class='ocrx_word' id='word_1_290' title='bbox 811 4045 868 4109; x_wconf 91' lang='lat' dir='ltr'>illo</span> <span class='ocrx_word' id='word_1_291' title='bbox 896 4043 1102 4129; x_wconf 85' lang='lat' dir='ltr'>potissimum</span> <span class='ocrx_word' id='word_1_292' title='bbox 1130 4067 1215 4111; x_wconf 88' lang='lat' dir='ltr'>anno</span> 
     </span>
     <span class='ocr_line' id='line_1_36' title="bbox 103 4137 1216 4236; baseline 0.014 -36"><span class='ocrx_word' id='word_1_293' title='bbox 103 4137 152 4206; x_wconf 83' lang='grc'>533</span> <span class='ocrx_word' id='word_1_294' title='bbox 175 4146 247 4232; x_wconf 85' lang='lat' dir='ltr'>(sive</span> <span class='ocrx_word' id='word_1_295' title='bbox 276 4173 397 4217; x_wconf 89' lang='lat' dir='ltr'>annum</span> <span class='ocrx_word' id='word_1_296' title='bbox 424 4151 490 4217; x_wconf 91' lang='grc'><strong>534</strong></span> <span class='ocrx_word' id='word_1_297' title='bbox 518 4151 658 4218; x_wconf 81' lang='lat' dir='ltr'>ve1535</span> <span class='ocrx_word' id='word_1_298' title='bbox 688 4149 910 4236; x_wconf 86' lang='lat' dir='ltr'>substituerie)</span> <span class='ocrx_word' id='word_1_299' title='bbox 939 4174 958 4216; x_wconf 90' lang='lat' dir='ltr'>a</span> <span class='ocrx_word' id='word_1_300' title='bbox 986 4151 1216 4216; x_wconf 90' lang='lat' dir='ltr'>consuetudine</span> 
     </span>
     <span class='ocr_line' id='line_1_37' title="bbox 103 4251 1214 4343; baseline 0.005 -27"><span class='ocrx_word' id='word_1_301' title='bbox 103 4251 272 4323; x_wconf 70' lang='lat' dir='ltr'>recederetur</span> <span class='ocrx_word' id='word_1_302' title='bbox 302 4259 370 4324; x_wconf 86' lang='lat' dir='ltr'>iam</span> <span class='ocrx_word' id='word_1_303' title='bbox 406 4257 446 4322; x_wconf 89' lang='lat' dir='ltr'>ed</span> <span class='ocrx_word' id='word_1_304' title='bbox 480 4258 564 4343; x_wconf 81' lang='lat' dir='ltr'>legis</span> <span class='ocrx_word' id='word_1_305' title='bbox 597 4258 699 4323; x_wconf 78' lang='lat' dir='ltr'>ricem</span> <span class='ocrx_word' id='word_1_306' title='bbox 736 4280 837 4343; x_wconf 91' lang='lat' dir='ltr'>prope</span> <span class='ocrx_word' id='word_1_307' title='bbox 869 4257 1047 4324; x_wconf 89' lang='lat' dir='ltr'>accedente.</span> <span class='ocrx_word' id='word_1_308' title='bbox 1092 4255 1214 4322; x_wconf 87' lang='lat' dir='ltr'>Verum</span> 
     </span>
     <span class='ocr_line' id='line_1_38' title="bbox 104 4355 1215 4449; baseline 0.009 -29"><span class='ocrx_word' id='word_1_309' title='bbox 104 4355 190 4424; x_wconf 65' lang='lat' dir='ltr'>buren</span> <span class='ocrx_word' id='word_1_310' title='bbox 209 4362 240 4427; x_wconf 89' lang='lat' dir='ltr'>in</span> <span class='ocrx_word' id='word_1_311' title='bbox 261 4364 344 4449; x_wconf 78' lang='lat' dir='ltr'>legis</span> <span class='ocrx_word' id='word_1_312' title='bbox 368 4363 471 4430; x_wconf 89' lang='lat' dir='ltr'>vicem</span> <span class='ocrx_word' id='word_1_313' title='bbox 499 4387 537 4430; x_wconf 85' lang='lat' dir='ltr'>ce</span> <span class='ocrx_word' id='word_1_314' title='bbox 564 4364 761 4430; x_wconf 83' lang='lat' dir='ltr'>cousuetudo</span> <span class='ocrx_word' id='word_1_315' title='bbox 790 4362 935 4448; x_wconf 87' lang='lat' dir='ltr'>profecto</span> <span class='ocrx_word' id='word_1_316' title='bbox 964 4364 1030 4428; x_wconf 89' lang='lat' dir='ltr'>iam</span> <span class='ocrx_word' id='word_1_317' title='bbox 1053 4363 1139 4428; x_wconf 86' lang='lat' dir='ltr'>circa</span> <span class='ocrx_word' id='word_1_318' title='bbox 1162 4386 1215 4430; x_wconf 89' lang='lat' dir='ltr'>an-</span> 
     </span>
     <span class='ocr_line' id='line_1_39' title="bbox 104 4467 1213 4556; baseline 0.011 -29"><span class='ocrx_word' id='word_1_319' title='bbox 104 4479 163 4527; x_wconf 80' lang='lat' dir='ltr'>num</span> <span class='ocrx_word' id='word_1_320' title='bbox 182 4467 238 4533; x_wconf 78' lang='lat'>467</span> <span class='ocrx_word' id='word_1_321' title='bbox 262 4471 398 4556; x_wconf 89' lang='lat' dir='ltr'>abierat,</span> <span class='ocrx_word' id='word_1_322' title='bbox 420 4493 493 4537; x_wconf 90' lang='lat' dir='ltr'>oum</span> <span class='ocrx_word' id='word_1_323' title='bbox 516 4493 574 4555; x_wconf 90' lang='lat' dir='ltr'>per</span> <span class='ocrx_word' id='word_1_324' title='bbox 596 4472 752 4554; x_wconf 88' lang='lat' dir='ltr'>temporis</span> <span class='ocrx_word' id='word_1_325' title='bbox 776 4470 917 4555; x_wconf 88' lang='lat' dir='ltr'>spatium</span> <span class='ocrx_word' id='word_1_326' title='bbox 940 4470 1013 4555; x_wconf 88' lang='lat' dir='ltr'>plus</span> <span class='ocrx_word' id='word_1_327' title='bbox 1038 4491 1133 4554; x_wconf 88' lang='lat' dir='ltr'>quam</span> <span class='ocrx_word' id='word_1_328' title='bbox 1157 4476 1213 4540; x_wconf 91' lang='lat' dir='ltr'>tri-</span> 
     </span>
    </p>
   </div>
   <div class='ocr_carea' id='block_1_3' title="bbox 0 0 1546 5142">
    <p class='ocr_par' dir='ltr' id='par_1_4' title="bbox 0 0 1546 5142">
     <span class='ocr_line' id='line_1_40' title="bbox 0 0 1546 5142; baseline 0 0"><span class='ocrx_word' id='word_1_329' title='bbox 0 0 1546 5142; x_wconf 95' lang='lat' dir='ltr'> </span> 
     </span>
    </p>
   </div>
  </div>
 </body>
</html>
