3080 5142
306 378 370 446 562
546 393 689 445 miscis
712 393 939 445 cirismsms
963 391 1218 444 amsasanrcss

306 545 377 606 tum
400 541 487 606 nacti
511 542 627 606 merito
652 541 699 606 sic
722 540 995 624 existimabimus,
1022 562 1088 606 non
1110 543 1148 604 ut
1171 561 1209 602 ex
1233 539 1314 604 artis
1338 560 1460 625 genere

307 649 344 714 de
373 652 479 714 aetate
512 649 714 713 monumenti
746 645 982 730 coniciendum,
1014 647 1069 711 sed
1096 651 1134 712 ut
1162 667 1200 712 ex
1230 645 1461 731 inscriptionis

305 755 336 820 h.
357 778 382 822 e.
409 755 512 840 ipsius
541 756 740 820 monumenti
773 759 880 820 aetate
913 757 952 820 de
980 777 1097 841 genere
1132 755 1213 820 artis
1245 755 1460 820 iudicandum

306 886 376 928 esse
399 863 639 947 intellegamus.
673 863 787 947 Itaque
809 863 844 926 in
866 862 950 927 hano
968 867 1096 946 partem
1115 861 1315 926 confidenter
1334 865 1462 926 statue·

306 971 395 1054 bam,
427 991 499 1035 cum
527 971 566 1034 de
590 969 755 1035 mausoleo
779 968 936 1034 Glanensi
966 969 1074 1053 aliqua
1096 969 1265 1060 occasione
1294 990 1461 1033 commen-

306 1077 402 1141 tabar
420 1077 458 1140 de
478 1099 542 1160 qua
560 1077 698 1140 relatum
718 1079 767 1140 cst
781 1077 816 1140 in
830 1074 989 1140 Gerhardi
1003 1075 1124 1142 Diariis
1144 1076 1304 1142 archaeol.
1324 1099 1354 1140 a.
1373 1075 1461 1140 1863

305 1205 336 1266 p.
359 1184 449 1249 134*.
495 1183 560 1248 Vbi
588 1184 627 1248 de
656 1183 788 1268 Millini,
820 1182 987 1264 Labordii,
1019 1181 1187 1246 Merimaai
1221 1182 1462 1247 offensionibus

306 1288 563 1356 dubitationibus
591 1290 894 1375 reprehensionibus
922 1275 1072 1374 plurimis
1099 1311 1165 1354 non
1192 1290 1287 1373 potui
1314 1311 1386 1354 non
1416 1291 1462 1354 ita

307 1395 441 1479 sentire,
468 1396 587 1462 has-ut
611 1399 658 1462 eis
682 1396 908 1482 disceptandas
940 1395 1154 1481 expediendas
1177 1395 1349 1461 diluendas
1375 1419 1461 1462 com·

306 1503 469 1568 mitterem
497 1505 554 1588 qui
583 1505 788 1590 disciplinam
816 1503 1098 1588 archacologicam
1126 1503 1323 1586 profitentur
1353 1503 1462 1588 adque

307 1609 579 1676 architectonicae
603 1611 710 1676 studia
732 1611 939 1676 contulerunt
962 1633 1029 1675 sua.
1074 1609 1160 1675 Nam
1184 1615 1305 1674 memet
1329 1633 1407 1676 cum
1432 1611 1464 1675 in

307 1714 423 1781 horum
447 1739 580 1783 numero
604 1717 736 1783 minime
759 1739 937 1795 censerem,
968 1721 1078 1782 tamen
1105 1720 1234 1782 tantum
1264 1717 1465 1802 intellegere

308 1822 447 1906 videbar,
479 1846 517 1888 eo
541 1845 610 1888 esse
634 1824 815 1888 necessario
844 1824 1051 1889 adnitendum
1075 1827 1112 1888 ut
1134 1845 1208 1888 cum
1231 1823 1465 1906 inscriptionis

307 1927 505 2012 antiquitate
533 1929 614 1994 artis
643 1929 840 1994 existimatio
870 1929 980 2014 aliqua
1007 1931 1060 1994 via
1090 1929 1328 1995 conciliaretur.
1377 1930 1465 2006 Quo-

307 2036 393 2100 circa
416 2035 553 2100 ltcmam
577 2035 686 2100 missis
709 2035 984 2100 Labordiananim
1013 2036 1200 2101 tabularum
1224 2039 1387 2121 exemplis
1412 2039 1464 2103 de·

308 2141 458 2206 lineando
481 2142 593 2226 factis,
623 2143 699 2227 quid
722 2141 853 2207 tandem
876 2142 972 2206 huius
995 2141 1043 2206 rei
1066 2149 1153 2208 esset
1175 2166 1194 2208 e
1217 2142 1368 2211 Brunnio
1392 2169 1464 2229 per·

308 2248 441 2331 quisivi:
466 2248 521 2332 qui
544 2253 656 2314 tamen
679 2271 720 2314 ne
743 2248 940 2332 sicquidem
963 2251 1016 2313 sat
1037 2252 1109 2313 tuto
1129 2270 1226 2334 posse
1250 2251 1393 2317 iudicari
1416 2276 1465 2317 re·

308 2353 441 2439 spondit
474 2355 538 2419 nisi
570 2357 642 2440 ipso
675 2359 883 2421 monumento
914 2355 1071 2440 inspecto.
1120 2355 1236 2439 Itaque
1269 2363 1464 2444 pergratum

309 2461 427 2526 accidit
449 2461 534 2545 quod
556 2483 615 2545 per
638 2462 763 2526 itineris
782 2460 923 2525 Parisini
943 2460 1221 2545 opportunitatem
1244 2460 1339 2527 licuit
1357 2485 1466 2550 nuper

310 2568 502 2632 suavissimo
537 2568 640 2633 amico
674 2567 813 2632 Glanum
847 2567 936 2632 adire
966 2568 1138 2652 ipsumque
1170 2569 1375 2635 mausoleum
1407 2594 1467 2656 per

290 2696 420 2760 ‘omnes
444 2680 554 2758 partes
578 2674 632 2740 diu
655 2673 844 2758 placideque
868 2673 1083 2760 contemplari
1110 2677 1309 2759 perscrutari
1337 2678 1466 2744 rimari.

309 2779 380 2855 Quo
408 2769 826 2865 planissime-intellectum
854 2783 906 2844 est
933 2781 1049 2846 mirum
1077 2784 1235 2866 quantum
1262 2780 1382 2848 fallere
1414 2786 1465 2850 vel

309 2885 531 2950 Labordianas
549 2887 689 2968 tabulas,
709 2888 776 2952 sive
796 2887 1064 2953 architectonicas
1082 2887 1226 2952 rationes
1241 2895 1371 2973 spectas
1395 2893 1465 2958 sive

309 2992 478 3076 plasticae:
502 2993 700 3079 singularem
724 3016 815 3078 sane,
843 2993 899 3058 sed
926 2993 1060 3058 minime
1088 2993 1201 3058 rudem
1224 2998 1325 3078 atqua
1348 2996 1465 3062 incon-

309 3098 426 3182 ditam,
449 3099 565 3164 nedum
589 3101 686 3166 vilem
710 3100 932 3183 abiectamque
952 3104 1054 3164 artem
1073 3120 1202 3164 omnem
1220 3121 1382 3184 perquam
1409 3125 1464 3168 no

309 3207 419 3272 tabilis
439 3208 639 3272 monumenti
669 3229 752 3292 esse,
783 3209 883 3272 immo
911 3211 999 3272 certo
1028 3206 1298 3292 consideratoque
1321 3211 1463 3275 consilio

310 3315 461 3380 instituta
483 3315 606 3380 omnia:
631 3313 778 3399 singulas
803 3315 958 3398 quasdam
982 3317 1092 3398 partes
1115 3336 1135 3378 a
1156 3335 1272 3379 norma
1291 3323 1464 3382 consuatu-

310 3421 395 3486 dinis
414 3422 608 3503 recedentes
632 3420 687 3484 sad
706 3421 835 3485 easdem
854 3420 921 3484 suis
941 3441 958 3483 e
977 3421 1101 3485 caussis
1120 3420 1321 3506 repetendas,
1342 3445 1463 3506 parum

310 3528 449 3614 simplici
471 3527 687 3612 prudentique
710 3527 836 3610 iudicio,
859 3526 959 3592 immo
979 3527 1142 3614 cupidiore
1160 3528 1296 3594 fastidio
1316 3535 1351 3594 et
1368 3553 1465 3614 prae-

310 3639 440 3719 siunpta
467 3634 607 3718 quadam
634 3633 787 3717 opinione
820 3634 861 3698 ab
894 3633 1086 3718 antiquariis
1117 3636 1335 3700 existimatus:
1368 3659 1464 3721 prae-

311 3743 397 3806 claro
421 3747 587 3825 tamquam
611 3742 837 3825 supplemento
866 3746 1111 3807 monumentum
1135 3740 1299 3808 Glanense
1322 3765 1397 3809 esse
1424 3745 1464 3810 ad

311 3870 413 3913 vacua
439 3847 595 3932 quaedam
626 3847 798 3913 intervalla
830 3847 987 3933 explenda
1014 3847 1131 3932 quibus
1161 3869 1355 3934 progressae
1386 3873 1464 3934 pro·

234 3961 512 4040 v111pagaraeque
536 3955 617 4028 artis
642 3955 778 4020 scientia
799 3959 913 4020 nostra
931 3955 1034 4019 adhuc
1052 3954 1206 4021 hiaverit:
1230 3956 1272 4020 ab
1293 3957 1464 4042 elegantia

311 4066 345 4127 et
372 4061 603 4144 concinnitate,
635 4061 784 4145 quamvis
813 4082 851 4125 ea
878 4061 1071 4145 aliquotiens
1100 4060 1252 4127 solidiore
1282 4067 1316 4126 et
1342 4085 1463 4148 prope

311 4168 443 4233 modum
466 4167 636 4253 pinguiore
664 4189 762 4250 quam
791 4166 940 4232 molliora
964 4171 997 4232 et
1019 4167 1184 4251 politiore,
1212 4167 1294 4232 nihil
1324 4191 1463 4252 prorsus

311 4275 450 4357 obstare,
474 4274 645 4359 quominus
669 4275 699 4338 ei
723 4274 823 4339 ferme
847 4274 947 4339 aetati
966 4273 1046 4338 illud
1067 4273 1231 4340 tribuatur
1249 4296 1332 4358 quae
1351 4275 1465 4343 media

310 4379 374 4444 fuit
395 4380 480 4444 inter
503 4378 538 4446 (l.
557 4379 728 4446 Caesarem
757 4384 789 4446 et
812 4379 1026 4446 Octavianum
1050 4379 1245 4466 Augustum.
1287 4381 1339 4446 Ad
1367 4382 1463 4466 ipsas

312 4489 419 4548 autem
444 4489 564 4568 figuras
583 4488 617 4550 in
636 4490 790 4568 quattuor
809 4487 896 4552 basis
915 4486 1071 4582 lateribus
1091 4509 1187 4571 opere
1206 4487 1333 4552 caelato
1352 4487 1463 4554 factas
