3048 5144
299 320 341 384 86
430 314 435 324 '
673 335 823 382 rrrvnvs
847 331 1067 381 uvuumuvs.

297 478 422 544 duobus
436 478 633 542 hexametris
655 476 801 543 subiecta
814 476 891 554 QVI
904 475 1040 541 ·VIXIT
1051 511 1058 525 ·
1069 474 1204 540 ANNIS
1214 511 1221 524 ·
1232 473 1324 539 XXX
1340 473 1459 550 verba,

297 585 376 650 item
399 583 527 669 integro
552 587 590 648 ut
611 583 706 648 video
731 582 859 648 senario
883 583 917 647 in
931 582 1097 648 Orellieno
1122 581 1209 646 4749
1234 579 1284 662 [0.
1307 581 1334 645 Ι.
1362 580 1401 647 Ia
1426 579 1458 645 II

298 714 328 758 u.
348 692 466 772 3181]:

431 814 782 902 Frequdnsuiater
805 816 918 898 see'pe
942 815 1006 899 qui
1035 811 1200 898 transis,
1226 813 1315 900 lege

298 939 483 1026 postposita
505 937 653 1004 NATVS
669 975 675 987 ·
690 937 773 1003 PRO
789 973 796 988 ·
811 937 868 1004 ΤΕ
884 975 891 988 ·
907 937 1009 1019 SVM,
1032 941 1084 1005 vel
1104 939 1284 1024 praemissa
1305 939 1345 1004 in
1361 937 1459 1004 Orel-

299 1047 387 1112 liane
406 1047 493 1112 4838
514 1047 553 1128 [Ι.
566 1044 606 1109 N.
624 1045 700 1126 166]
725 1045 864 1112 disticho
889 1045 1031 1131 elegiaco
1054 1046 1135 1111 haee
1152 1043 1460 1110 HAVMEPTI-

300 1149 966 1218 MA·SIT·TIBI·TERRA·LEVIS:
1004 1151 1158 1216 maiorem
1201 1174 1274 1217 oum
1310 1151 1461 1216 Reatina

302 1261 370 1324 sive
393 1259 496 1324 Munii
519 1259 586 1324 sive
611 1257 759 1323 Mummii
783 1257 880 1322 Orell.
906 1258 991 1324 1862
1015 1257 1063 1340 [O.
1081 1259 1105 1322 I.
1126 1257 1160 1324 L.
1183 1259 1200 1324 I
1223 1282 1253 1323 n.
1273 1257 1373 1342 542]‚
1402 1257 1460 1322 ubi

302 1367 493 1432 continuata
507 1365 687 1430 'verborum
711 1364 952 1430 construetione
975 1365 1132 1430 vocativis
1152 1369 1244 1430 extre
1258 1387 1378 1430 versus
1402 1387 1460 1448 po·

267 1509 273 1524 ·
302 1473 375 1538 sitis
406 1493 583 1557 pronomen
615 1473 650 1536 in
682 1473 754 1556 ipso
786 1471 927 1536 earmine
956 1471 1140 1559 refertmf)
1195 1471 1320 1554 [Addas
1356 1472 1460 1536 etiem

303 1579 420 1646 Mutat.
444 1603 474 1664 p.
496 1579 590 1662 1414,
609 1579 652 1658 9.]
695 1576 900 1662 Quemquam
924 1577 1036 1664 quaeri
1059 1581 1169 1663 potest
1190 1601 1270 1644 num
1296 1600 1365 1642 non
1391 1576 1460 1640 sint
1514 1565 1515 1576 ¹

304 1688 412 1753 soluta
434 1685 575 1751 numeris
598 1683 699 1749 verba
721 1684 787 1767 ille,
811 1684 867 1749 sed
890 1685 925 1750 in
947 1685 1146 1750 trochaicam
1165 1685 1347 1750 clausulam
1367 1679 1461 1748 'Im-

302 1781 461 1880 perator
498 1792 654 1858 dedicat
686 1789 831 1854 Saturuii
866 1813 978 1856 versus
1014 1791 1159 1856 desinere
1194 1792 1312 1856 rectius
1348 1789 1459 1855 existi·
1514 1849 1515 1854 ,

304 1905 446 1967 mentun:
477 1898 606 1985 quaudo
630 1897 729 1963 etiem
752 1897 787 1962 in
810 1898 952 1963 eermine
980 1899 1120 1964 fratrum
1144 1897 1312 1964 Arvalium
1343 1897 1460 1982 plenos

306 2006 477 2074 Saturnios
509 2005 673 2071 brevi0res
706 2004 837 2089 quidam
871 2005 999 2072 ordines
1032 2010 1066 2070 et
1093 2005 1289 2071 antecedunt
1319 2009 1357 2069 et
1386 2000 1459 2067 sub·

307 2119 495 2200 sequuntur.

181 2285 186 2296 ,
397 2219 548 2287 Ceterum
572 2220 605 2283 in
628 2221 737 2285 verbis
761 2220 972 2287 Mummieuis
995 2222 1140 2286 notabile
1170 2225 1220 2286 est
1241 2243 1345 2304 poene
1369 2217 1461 2295 nihil,

307 2331 340 2393 in
369 2328 489 2392 litteris
518 2349 577 2391 nee
604 2348 709 2409 peuce
735 2349 796 2392 neo
818 2327 912 2392 levia.
957 2325 1029 2392 Nisi
1053 2328 1136 2412 quod
1166 2326 1357 2393 CORINTO
1388 2325 1460 2389 DE-

307 2433 421 2500 LETO
450 2437 559 2500 utrum
587 2437 702 2499 neutro
731 2457 773 2498 eu
789 2435 982 2500 masculino
1013 2455 1128 2520 genere
1156 2435 1277 2514 dietum
1304 2434 1364 2518 sit,
1396 2455 1459 2497 am·

308 2543 441 2627 biguum
465 2545 523 2606 est.
571 2540 657 2606 Nem
685 2541 746 2606 hoe
775 2541 905 2625 quidem
933 2563 1105 2606 maneres
1130 2540 1325 2607 Graecorum
1351 2540 1458 2606 imite-

309 2649 397 2713 tione
420 2649 537 2732 potuit,
561 2671 641 2733 quos
666 2648 764 2724 etiem
788 2650 846 2713 τὸν
872 2649 1024 2728 Κόρινθον
1053 2648 1172 2712 dixisse
1203 2649 1265 2712 etsi
1292 2669 1360 2713 uon
1392 2650 1458 2710 tem

310 2759 406 2838 certe,
431 2779 527 2840 quem
548 2754 701 2822 Straboni
720 2755 801 2819 VIII
820 2779 851 2839 p.
865 2755 930 2819 378
950 2755 1055 2820 visum
1075 2760 1133 2838 est,
1152 2755 1365 2821 Homericum
1380 2749 1457 2818 illud

311 2860 447 2942 ἀφνειόν
471 2883 506 2926 τε
527 2862 681 2940 Κόρινθον
707 2861 839 2946 evincit,
864 2884 900 2926 ee
925 2882 965 2926 ne
989 2865 1127 2927 κλειτοῖο
1149 2863 1302 2942 Κορίνθου
1327 2859 1456 2946 quidem

311 2969 347 3032 in
370 2967 500 3032 oraculo
520 2966 679 3033 Herodoti
703 2967 743 3050 V,
761 2968 804 3032 92
828 2965 970 3054 (quaudo
994 2969 1092 3032 etiam
1116 2969 1230 3033 κλυτὸι
1253 2967 1457 3046 Ἱπποδάμεια

313 3079 346 3138 et
376 3075 490 3139 κλυτὸς
514 3071 696 3154 Ἀμφιτρίτη
730 3078 779 3139 est
812 3074 898 3159 apud
931 3073 1110 3138 Homerum
1143 3076 1176 3138 et
1207 3075 1240 3137 in
1269 3069 1459 3156 Theogonia

313 3182 427 3245 κλυτὸι
446 3179 638 3268 Ὠκεανίνη),
661 3181 763 3247 multo
784 3185 891 3246 autem
910 3183 1015 3246 minus
1031 3181 1206 3264 Dionysius
1222 3179 1332 3265 Antiq.
1346 3177 1402 3260 IV,
1418 3175 1456 3239 29

314 3288 442 3372 probet,
465 3288 520 3352 ubi
543 3288 722 3374 repositum
746 3289 910 3355 aReiskio
930 3294 986 3368 τῆ(
1001 3289 1189 3368 εὐδαίμονοι
1210 3287 1364 3366 Κορίνθου
1385 3283 1457 3352 ohi-

281 3395 424 3472 ‚sianus
453 3397 486 3458 et
507 3393 650 3459 Vrbines
678 3396 823 3480 firmant,
853 3399 963 3462 tumen
992 3399 1025 3458 et
1051 3394 1184 3480 Polybii
1211 3393 1337 3460 codices
1365 3389 1456 3458 fidem

271 3500 439 3565 rvfeeiunt
461 3502 702 3586 commemorati
726 3497 1023 3586 Schweighaeuseri
1047 3502 1080 3565 in
1103 3501 1161 3586 IV,
1176 3501 1216 3566 67
1241 3501 1457 3572 annotatione,

309 3772 313 3778 ,
405 3709 430 3780 *)
450 3710 546 3766 Videri
564 3713 658 3782 potest
675 3711 760 3766 etiem
775 3711 996 3768 iui'abrettiane
1009 3730 1035 3782 p.
1047 3717 1107 3779 122,
1122 3717 1156 3766 23
1176 3709 1232 3780 (Or.
1244 3713 1323 3778 4740)
1343 3727 1361 3765 a
1378 3723 1457 3780 prosu

318 3801 443 3856 oratione
461 3799 523 3854 HIC
540 3831 546 3842 ·
562 3801 628 3854 EST
646 3830 651 3842 ·
667 3801 832 3855 SEPVL'I'A
848 3831 854 3843 ·
868 3801 1015 3856 PACILIA
1032 3831 1037 3842 ·
1054 3801 1204 3856 SOSPI'I'A
1219 3831 1226 3842 ·
1240 3799 1302 3854 PIA
1318 3830 1324 3842 ·
1338 3795 1455 3854 Puden

317 3889 431 3944 transiri
449 3889 485 3944 ed
505 3891 549 3943 sat
566 3890 653 3944 bonos
673 3889 796 3944 senarios
817 3890 934 3944 ‘Bonis
952 3891 1099 3960 probata
1124 3892 1256 3945 summe
1269 3906 1355 3958 quae
1373 3887 1457 3942 uixit

319 3977 404 4032 fide’
426 3994 450 4033 e.
465 3995 491 4046 q.
507 3997 542 4046 a,
565 3978 619 4034 nisi
643 3981 737 4032 temen
759 3978 839 4033 illurn
858 3979 972 4033 titulum
990 3979 1049 4034 veri
1068 3978 1186 4033 similius
1209 3977 1246 4033 sit
1263 3979 1352 4034 metro
1371 3979 1454 4034 uotum

320 4065 503 4136 perscriptum
523 4084 582 4122 esse
600 4067 743 4122 versieulis
762 4068 798 4122 ab
817 4067 898 4123 initio
918 4066 1098 4122 duriusculie:

427 4172 488 4226 Hie
507 4174 559 4228 eet
578 4174 714 4244 sepulta
733 4173 866 4228 Ptoilie
885 4173 1037 4244 Semta,
1056 4174 1125 4244 pia,

427 4261 549 4332 Probe,
568 4261 665 4318 bdnis
683 4263 829 4332 probata
847 4263 973 4318 sdmme
990 4279 1077 4333 queo
1097 4263 1187 4318 uixit
1205 4263 1283 4317 fide.

338 4341 343 4354 ”
430 4349 492 4414 Qui
509 4351 594 4406 bene
613 4354 816 4420 cognorunt,
836 4352 1007 4420 edgnItum
1027 4353 1112 4408 bene
1131 4355 1350 4408 existumant

430 4437 523 4493 Hane
542 4439 575 4493 et
593 4439 683 4493 que:
703 4457 786 4507 queo
806 4443 919 4510 optes,
939 4441 1103 4496 eueniant
1120 4442 1187 4496 tibi
1207 4443 1239 4495 dt
1257 4440 1333 4496 tuis.
