2948 5048
239 172 290 220 nn
312 172 581 222 nnonrnnrronn
604 174 752 234 QVADAM
775 174 904 224 nerine
927 174 1201 225 auconnrrroan.
1246 160 1311 224 459

104 317 212 389 vel
237 313 475 382 GAEGILIAE
494 352 568 367 ····
587 315 1014 383 METELLAMRASSI.
1033 355 1075 363 -
1099 317 1189 384 Haec
1212 320 1312 405 igitur

95 422 280 494 omnia
303 425 337 486 et
357 421 498 488 fortasse
522 423 585 488 alia
608 423 722 488 affinia
743 422 953 507 perpendisse
975 422 1214 490 Mommsenum
1238 448 1312 490 con·

83 533 368 601 sentaneum‘
384 535 442 616 est,
465 526 521 616 qui
544 531 649 596 tn'bus
672 552 776 615 nuper
799 531 914 616 verbis,
938 531 1015 616 quid
1038 531 1133 596 huius
1152 533 1199 597 rei
1218 535 1312 611 esset,

77 637 366 725 significavit
387 639 421 704 in
445 659 483 704 eo
506 637 590 702 libro
615 660 711 722 quem
734 637 772 702 de
795 637 932 704 historia
962 638 1009 703 rei
1032 639 1230 703 nummariae
1250 639 1312 707 Ro·

69 764 339 812 manorum
361 744 457 827 plane
479 744 703 810 admirabilem
720 745 800 810 feeit
822 769 852 829 p.
871 746 946 829 471,
970 745 1196 810 observatione
1214 745 1312 830 longe

63 850 438 916 fructuosissima.
483 849 608 935 Quippe
636 853 878 936 apertissimum
908 874 978 917 esse
1001 857 1152 936 putamus
1176 853 1277 937 script
1299 892 1312 902 -

59 980 242 1022 rani
263 958 354 1024 illam
376 980 519 1042 omnem,
549 981 614 1044 qua
635 961 649 1023 i
671 959 782 1025 littera
805 960 938 1025 nomina
960 959 1124 1045 gentilicia
1147 960 1313 1043 finiuntur,

57 1083 137 1127 ex
237 1086 272 1130 ea
299 1068 408 1131 aetate
436 1065 566 1151 linguae
597 1066 805 1150 repetendam
835 1088 904 1130 esse
938 1089 1001 1150 qua
1029 1087 1096 1131 non
1124 1065 1225 1129 alius
1258 1067 1312 1130 sed

57 1169 130 1232 al
152 1171 199 1234 i
223 1194 260 1255 s,
280 1194 347 1239 non
371 1169 530 1238 Clodius
554 1172 610 1237 sed
633 1171 767 1237 Olodis
790 1173 950 1237 diceretur
974 1173 1014 1236 ad
1037 1173 1184 1255 idemque
1207 1192 1312 1235 exem·

53 1273 260 1355 plum
287 1277 468 1344 Cornelis
501 1277 675 1363 Sulpicio
704 1277 872 1345 Caecilis
900 1277 993 1362 Opis
1025 1278 1162 1342 Mumis
1195 1275 1312 1342 Fanis

56 1382 126 1441 et
213 1384 347 1450 similia
371 1384 493 1469 omnia,¹
524 1407 580 1450 eae
604 1390 712 1451 autem
736 1385 860 1450 formae
882 1407 948 1450 non
970 1384 1064 1469 plene
1089 1385 1313 1469 scriberentur,

58 1487 217 1552 Sed
261 1492 387 1557 abiecta
418 1492 457 1557 de
486 1492 634 1576 pristina·
659 1492 887 1558 consuetudine
920 1492 1031 1557 littera
1063 1492 1154 1556 finali
1186 1489 1313 1558 elom
1343 1574 1348 1583 .

59 1584 357 1664 CORNEM
380 1594 567 1664 valcl:
591 1600 687 1683 plane
710 1602 746 1664 ut
768 1599 930 1683 pleniores
949 1621 1032 1684 quae
1051 1620 1230 1664 successere
1249 1599 1312 1664 for.-

63 1711 242 1769 mae
272 1705 413 1789 scriptas
444 1710 522 1770 sunt
549 1702 656 1772 Ol'llO
685 1702 882 1772 thtVTIO
909 1704 1131 1773 Fstssssuclo
1159 1706 1192 1770 in
1216 1705 1336 1793 Prae-v

65 1811 305 1875 aestiuis
329 1811 476 1895 aliaeque
498 1811 532 1876 in
556 1813 637 1878 aliis.
677 1811 799 1877 Mansit
821 1815 928 1875 autem
953 1834 992 1876 ea
1015 1834 1078 1898 qua
1101 1813 1314 1877 adsueverant

70 1915 341 2002 scriptura,
363 1920 537 2002 postquem
559 1905 621 1985 ire—s
647 1905 711 1984 i'u—s'
730 1919 941 1983 substitutum
965 1922 1027 2002 est,
1050 1940 1182 2003 prorsus
1201 1919 1313 1983 eadem

71 2021 295 2091 ratione
318 2047 382 2111 qua
405 2023 430 2089 Ο
454 2025 505 2089 vel
528 2023 606 2090 OOS
635 2025 687 2090 vel
711 2022 791 2091 SVO
819 2029 914 2090 notas
942 2025 1048 2090 tenuit
1071 2025 1119 2090 vis
1143 2028 1313 2091 consuetu·

75 2114 255 2197 dinis
281 2131 382 2197 etiam
409 2135 484 2217 post
507 2130 609 2199 Gaius
638 2134 739 2201 consol
762 2132 887 2198 Seebtera
914 2132 1034 2197 formas
1063 2133 1225 2197 communi
1252 2155 1314 2198 usu

80 2241 326 2321 receptas.
372 2237 461 2315 Quae
485 2239 513 2304 si
535 2239 584 2304 ita
607 2244 694 2319 sunt,
724 2244 763 2304 ut
785 2242 862 2304 sunt
884 2238 1039 2322 profecto,
1067 2239 1180 2325 ingens
1205 2240 1313 2305 multi-

81 2328 250 2408 tudo
282 2346 501 2431 exemplorum
539 2347 725 2429 succrescit,
761 2345 879 2430 quibus
917 2345 1107 2429 longissime
1140 2346 1313 2430 aliquando

84 2449 315 2516 patuisse
346 2474 418 2517 eam
446 2452 695 2517 declinationem
724 2452 942 2536 intellegatur,
975 2452 1064 2516 ouius
1092 2474 1192 2517 unum
1219 2454 1314 2519 vesti·

83 2544 261 2623 giu„
282 2562 413 2642 postera
436 2565 526 2625 aetas
549 2559 623 2623 alis
653 2579 832 2643 pronomen
855 2558 955 2623 novit.
1002 2556 1159 2623 Servabat
1182 2580 1253 2623 eam
1278 2563 1315 2624 ut

83 2648 242 2761 fllia
257 2669 383 2731 vetusta
400 2666 543 2750 plurima
561 2687 666 2730 sermo
686 2665 843 2749 vulgaris:
867 2664 949 2728 unde
968 2663 1009 2728 ad
1024 2663 1164 2730 Graecos
1182 2667 1315 2731 transiit
1328 2690 1354 2728 ιε

81 2750 280 2856 ¹bique
302 2772 402 2837 etiam
426 2772 629 2837 constantius
651 2772 798 2856 perstitit
821 2792 917 2856 quam
939 2771 1024 2835 inter
1042 2772 1131 2857 ipsos
1151 2773 1314 2838 Romanos

77 2872 389 2943 posteriorum
412 2879 624 2944 saeculorum.

75 3058 89 3071 ·
262 2983 368 3050 Vnum
401 2987 549 3070 superest
580 2985 665 3070 quod
695 3007 762 3050 non
793 2986 899 3070 possis
932 3009 998 3052 non
1027 2986 1120 3051 valde
1151 2993 1314 3072 expetere:

70 3080 275 3173 {Peius
305 3092 500 3177 antiquioris
533 3093 650 3157 aetatis
680 3094 860 3176 exemplum
888 3093 982 3176 plene
1014 3093 1132 3158 litteris
1165 3096 1314 3159 omnibus

65 3170 179 3243 ¹¹²³·
249 3199 460 3284 perscriptum
492 3202 528 3263 ut
558 3197 676 3262 saeculi
706 3198 836 3281 septimi
865 3199 1011 3263 exeuntis
1039 3199 1186 3282 Lupiano
1218 3204 1313 3284 atque

74 3369 91 3386 ,
126 3291 365 3370 alduinus
392 3304 461 3369 illa.
507 3301 570 3369 Sed
596 3304 646 3368 vel
674 3303 750 3368 huie
778 3304 936 3369 desiderio
964 3304 1050 3368 haud
1079 3307 1145 3370 scio
1169 3328 1210 3370 an
1234 3308 1314 3372 satis

58 3372 293 3492 t{Qizum
321 3412 378 3496 sit,
410 3414 582 3495 postquam
609 3432 712 3494 nuper
739 3411 867 3475 demum
897 3410 950 3476 hic
973 3410 1086 3475 titulus
1111 3412 1254 3477 innotuit
1281 3414 1314 3477 in

55 3492 268 3595 cappo
289 3516 453 3583 terminali
476 3516 628 3600 scriptus,
651 3521 797 3601 repertus
816 3539 917 3601 prope
936 3518 1091 3601 oppidum
1111 3515 1193 3601 (sive
1211 3540 1315 3604 pagus

54 3595 236 3709 esf)
266 3624 316 3687 cui
343 3620 496 3688 Nazzano
523 3644 656 3706 nomen,
688 3622 775 3687 haud
802 3623 849 3686 ita
876 3624 988 3706 procul
1015 3623 1121 3688 Roma
1148 3625 1247 3689 situm
1275 3626 1316 3690 ad

52 3677 328 3815 inhesise,
355 3752 374 3795 e
398 3728 521 3795 Secchii
546 3730 672 3794 schedis
697 3754 716 3794 a
738 3730 904 3813 Raphacle
929 3729 1102 3796 Garrrrccio
1130 3731 1314 3813 publicatus

59 3803 132 3861 ¹¹¹
215 3828 434 3902 ‘emeseno’
456 3836 604 3902 nomano
628 3837 704 3901 ann
731 3837 816 3902 eaeo
839 3860 870 3919 p.
889 3838 930 3901 or
957 3836 1004 3919 [o.
1029 3837 1053 3901 1.
1077 3835 1111 3901 n.
1135 3837 1149 3901 1
1173 3861 1203 3902 11.
1219 3839 1314 3917 een:

513 3941 963 4008 uumerus-Pr
1175 3952 1179 3959 '

590 4049 648 4114 'PR
683 4083 691 4098 ·
728 4047 781 4113 PL

620 4155 650 4220 X
668 4154 698 4218 X
716 4154 746 4218 X

102 4210 248 4323 HQ
272 4261 358 4328 enim
385 4283 505 4329 nomen
538 4263 623 4348 quod
655 4284 725 4327 esse
756 4262 842 4328 aliud
875 4261 985 4327 eredes
1018 4262 1081 4327 nisi
1110 4261 1315 4332 Minatius
