2948 5048
627 1065 655 1140 I.

325 1220 583 1343 spicilegium
611 1242 961 1345 epigrapnicunq

592 1425 697 1432 ---—-

157 1526 415 1612 Epigraphicam
449 1531 585 1594 latinam
616 1552 684 1595 non
716 1534 766 1594 est
792 1531 909 1594 mirum
944 1533 1013 1592 tam
1041 1529 1127 1613 apud
1156 1551 1243 1594 nosa

72 1635 253 1719 neglectam
277 1636 389 1719 iacere,
413 1659 509 1721 quam
532 1638 644 1722 augeri
668 1636 770 1701 indies
795 1641 827 1701 et
850 1637 1006 1721 perpoliri
1029 1638 1132 1702 doctis
1151 1635 1215 1700 Ita-

73 1741 176 1806 lorum
195 1743 289 1806 curis.
314 1743 437 1809 Invitat
450 1745 536 1808 enim
550 1745 623 1809 illos
642 1746 716 1829 ipsa
730 1749 1012 1810 monumentorum
1027 1744 1221 1829 praesentia,

74 1846 204 1913 adiuvat
232 1849 413 1914 cottidiana
441 1851 638 1915 consuetudo
668 1854 700 1914 et
727 1855 894 1936 tamquam
918 1851 1080 1916 familiare
1108 1851 1148 1915 ab
1172 1851 1221 1914 in·

74 1960 166 2020 eunte
191 1960 298 2021 aetate
322 1959 537 2042 consortium,
564 1957 714 2022 hortatur
742 1958 844 2042 ipsius
875 1959 986 2041 stirpis
1015 1958 1166 2043 cognatio
1190 1961 1223 2021 et

77 2062 234 2127 maiorum
254 2064 436 2147 admiratio,
458 2064 599 2147 impellit
617 2065 775 2129 clarorum
792 2065 996 2150 popularium
1011 2070 1047 2129 ut
1062 2062 1221 2148 Scipionis

77 2166 197 2252 Maffei,
235 2169 385 2236 Caietani
414 2171 533 2237 Marini
571 2172 758 2254 aemulatio,
797 2173 918 2237 excitat
949 2172 1130 2235 uberrimus
1162 2185 1248 2234 nec¹

75 2297 225 2360 umquam
256 2277 462 2342 intermissus
496 2277 705 2343 inexhaustae
737 2283 842 2343 terrae
877 2282 1062 2361 proventus.
1112 2277 1158 2341 Et
1185 2299 1223 2340 ea

75 2383 202 2466 quidem
225 2385 358 2450 ubertas
382 2389 476 2450 tanta
494 2392 553 2470 est,
576 2390 612 2450 ut
637 2386 870 2469 propemodum
889 2407 956 2450 non
974 2386 1071 2449 liceat
1089 2384 1221 2449 cordato

75 2488 195 2554 homini
223 2495 257 2554 et
284 2492 325 2556 ab
355 2492 562 2576 antiquitatis
591 2493 707 2557 studiis
735 2514 802 2557 non
834 2492 941 2557 alieno
966 2491 1052 2556 adire
1076 2491 1222 2555 dulcissi-

75 2618 197 2662 marum
230 2601 390 2662 terrarum
417 2600 511 2682 fines,
545 2601 621 2684 quin
654 2601 688 2664 in
719 2621 820 2664 novos
849 2598 1006 2682 quosdam
1039 2619 1098 2661 nec
1126 2602 1222 2662 antea

76 2705 223 2788 cognitos
256 2705 381 2789 lapides
414 2707 578 2772 litteratos
606 2707 757 2772 incurrat.
804 2705 909 2770 Huius
940 2705 1068 2790 generis
1097 2704 1223 2788 aliquot

76 2811 139 2874 sive
163 2812 296 2877 anobis
315 2817 461 2896 repertos
480 2814 548 2878 sive
568 2814 609 2878 ab
629 2814 739 2879 amicis
760 2818 919 2896 acceptos,
942 2813 976 2875 in
995 2811 1046 2876 his
1066 2812 1221 2896 quosdam

77 2916 225 3002 Graecos,
248 2921 418 2985 vobiscum
440 2920 518 2986 olim
549 2920 868 2986 communicabimus.
915 2919 1035 2983 Verum
1060 2918 1147 2983 aliud
1173 2922 1222 2982 est

76 3043 176 3107 genus
200 3025 462 3112 inscriptionum,
490 3038 627 3111 quarum
656 3032 712 3092 aut
741 3027 932 3092 delitescant
956 3029 1012 3089 aut
1035 3025 1223 3089 evanuerint

77 3130 261 3216 archetypa,
285 3133 341 3197 sed
361 3134 508 3216 exempla
531 3136 656 3197 restent
674 3133 796 3216 scripto
817 3131 1016 3216 consignata.
1044 3130 1130 3195 Nam
1150 3153 1222 3195 cum

77 3243 261 3302 renatarum
288 3237 470 3303 litterarum
504 3242 625 3321 aetate,
664 3243 760 3322 atque
792 3239 863 3322 ipso
892 3238 971 3302 adeo
1000 3237 1104 3301 medio
1134 3259 1222 3320 aeva,

76 3342 161 3408 haud
184 3344 278 3428 pauci
302 3345 337 3412 in
360 3346 562 3431 congerenda
585 3346 835 3431 inscriptionum
859 3345 941 3409 silva
969 3366 1101 3427 operam
1126 3344 1221 3409 collo·

77 3454 187 3514 carent
210 3473 311 3536 suam,
333 3451 455 3518 factum
479 3457 530 3517 est
552 3457 589 3517 ut
608 3476 706 3518 manu
725 3454 919 3537 scriptorum
937 3452 1095 3516 librorum
1115 3452 1222 3516 multi-

76 3557 220 3622 tudinem
239 3557 412 3622 hodiernae
430 3558 589 3624 Italorum
608 3559 825 3625 bibliothecae
844 3563 976 3624 teneant
994 3558 1221 3643 epigraphicas

77 3664 185 3748 copias
204 3664 496 3748 complectentium.
528 3665 616 3742 Quae
639 3671 676 3731 ut
695 3670 769 3731 sunt
789 3688 867 3730 sane
885 3665 1079 3751 Ligurianae
1098 3665 1221 3730 fraudis

78 3793 173 3855 saepe
199 3771 469 3855 suspectissimae‚
492 3771 525 3835 id
549 3773 634 3856 quod
652 3774 686 3836 in
705 3772 881 3838 Vaticanus
900 3773 1106 3856 potissimum
1125 3778 1222 3856 atque

78 3901 115 3943 ex
139 3883 232 3962 parte
255 3879 290 3941 in
314 3877 528 3943 Famesianas
553 3878 812 3965 Barbetinasque
836 3880 969 3945 schedas
989 3880 1088 3944 cadit:
1112 3886 1222 3945 tamen

76 4008 172 4070 saepe
196 3985 296 4049 etiam
319 3985 424 4049 bonae
447 3985 549 4069 frugis
574 3987 689 4071 plenae
713 3989 959 4071 cognoscuntur.
1000 3984 1069 4049 Nec
1092 3988 1221 4049 tanturn

76 4093 181 4158 valuit
208 4092 333 4175 aliquot
361 4093 560 4158 saeculorum
589 4095 737 4178 quamvis
761 4092 921 4157 indefessa
944 4093 1161 4176 investigatio,
1185 4098 1221 4157 ut

75 4207 290 4219 ———-—--———-

148 4254 175 4319 ³³)
194 4248 386 4320 [Prooemium
400 4250 503 4304 Indicis
519 4251 676 4305 scholarum
690 4251 860 4306 aestivarum
875 4250 1135 4307 Vratislaviensium
1155 4251 1221 4305 anni

75 4336 393 4407 crorocccxxxv111;
419 4340 494 4409 quod
514 4358 683 4410 quamquam
702 4340 866 4410 inscriptum
887 4340 1130 4395 ‘SPIGILEGIVM
1151 4340 1221 4392 EPI-

75 4428 294 4485 urem‘fflcvn
312 4428 336 4483 l’
356 4446 390 4484 ne
410 4430 530 4485 alterum
544 4431 657 4498 quidem
672 4431 753 4484 huius
767 4430 876 4500 generis
891 4433 1016 4484 secutum
1032 4433 1082 4484 est.
1120 4428 1149 4485 C.
1164 4429 1220 4496 W.]

129 4540 170 4574 ru.
186 4538 336 4573 arraonann
356 4539 488 4575 crvscvnn
508 4541 543 4573 ιν.
1047 4524 1059 4570 1
