2948 5048
497 122 645 169 rmvuvs
669 122 888 170 rivirurunvs.
1197 104 1257 167 107

115 265 378 331 hexametrorum
402 286 496 328 usum
518 264 662 329 nondum
685 263 826 353 habenti.
869 263 936 327 Nea
960 264 1045 328 enim
1069 264 1259 329 obliviscen-

10 366 14 379 '
114 371 189 437 dum
223 375 274 437 est
305 371 567 456 antiquissimum
598 371 659 436 hoc
692 392 760 435 esse
794 372 827 434 in
859 371 1077 435 monumentis
1109 392 1259 435 versuum

112 475 318 543 heroicorum
355 479 551 562 exemplum:
588 477 717 561 quaudo
750 478 910 561 elegiacos
942 477 977 542 in
1009 475 1067 541 Cu.
1100 475 1258 560 Scipionis
1343 518 1349 528 ·

111 581 255 669 Hispani
285 586 432 669 sepulcro
465 606 576 649 versus
610 586 719 650 omnia
754 585 890 650 suadent
921 589 957 649 ut
989 584 1155 668 aliquanto
1184 589 1260 668 post

109 687 219 756 factos
249 713 320 756 esse
352 691 584 756 existimemus.
628 689 734 775 Igitur
757 692 819 756 etsi
842 692 995 775 exemplis
1020 715 1039 755 a
1063 689 1258 757 Schneidero

110 817 251 882 gramm.
273 799 329 865 lat
351 799 368 862 I
391 822 422 883 p.
449 799 511 863 170
535 820 603 884 sqq.
627 804 660 864 et
682 821 784 883 nuper
808 823 827 863 a
850 799 1056 863 Lachmanuo
1080 799 1113 862 iu
1133 797 1260 864 Lucret.

10 964 12 987 ,
108 926 147 989 p.
168 907 234 970 412
258 907 422 991 congestis
450 906 516 970 alia
543 927 644 990 eaque
672 929 710 971 ex
740 910 833 990 parte
856 906 948 970 valde
980 906 1158 990 singularia
1186 906 1259 970 addi

109 1032 157 1074 ex
177 1013 444 1096 inscriptionibus
468 1017 615 1097 possunt,
639 1016 675 1077 ut
693 1012 877 1078 TABLEIS
896 1012 1119 1077 TABLARIA
1138 1011 1259 1076 AEDI-

105 1113 236 1184 CLAM
260 1117 540 1184 SANDLARIVS
559 1117 699 1183 IVGRA
718 1124 751 1184 et
770 1120 854 1204 apud
873 1120 1109 1184 Mommsenum
1129 1119 1168 1182 dc
1187 1119 1260 1183 dial.

100 1223 187 1292 Ital.
216 1250 247 1311 p.
275 1227 349 1292 282.
382 1226 447 1289 362
475 1225 669 1291 NVMSIVS
694 1225 866 1310 OFDIVS,
899 1227 950 1290 vel
979 1227 1059 1291 adeo
1088 1248 1104 1290 e
1132 1226 1260 1310 vulgari

97 1329 246 1417 liuguae
266 1332 506 1417 cousuetudine,
524 1337 561 1397 ut
578 1334 723 1399 Manliae
742 1356 779 1398 ex
799 1334 1089 1417 Marianarum,
1113 1333 1259 1417 quamvis
1319 1414 1329 1429 ι

90 1437 225 1505 fallaci
249 1439 357 1524 specie
386 1438 562 1504 diversum:
589 1443 699 1504 tamen
727 1441 759 1504 iu
789 1462 853 1505 uno
876 1462 961 1505 nuuc
985 1440 1174 1522 subsistam,
1198 1460 1261 1521 quo

84 1545 190 1628 quid
222 1546 357 1631 propius
390 1546 540 1611 accedere
573 1547 611 1610 ad
644 1547 849 1630 trisyllabam
874 1548 985 1627 facilia
1016 1567 1128 1611 vocem
1141 1541 1144 1547 ’
1157 1545 1261 1609 dicam

76 1671 177 1716 non
203 1652 328 1718 habeo:
356 1649 506 1717 LIONIA
532 1675 590 1736 pro
620 1651 786 1718 LICINIA
802 1659 807 1669 “
816 1653 958 1736 positum
987 1653 1021 1717 in
1051 1650 1262 1734 inscriptione

71 1760 237 1824 vetusti
256 1758 447 1824 columbarii
466 1760 549 1843 apud
575 1758 702 1843 Lupum
723 1758 829 1825 Seuer.
848 1763 979 1844 martyr.
999 1783 1029 1843 p.
1049 1759 1091 1823 93
1117 1757 1165 1839 [Ο.
1183 1758 1208 1822 l.
1228 1757 1262 1821 L.

65 1860 92 1924 I
146 1887 195 1931 n.
227 1866 306 1951 8923
344 1865 379 1930 P.
407 1864 441 1929 L.
474 1863 517 1929 M.
549 1866 586 1931 Ε.
614 1866 679 1931 tab.
711 1865 791 1949 XV,
825 1868 889 1947 17].
917 1866 1033 1930 Altera
1069 1868 1178 1930 autem
1210 1865 1264 1929 via

61 1965 196 2037 haec
219 1975 270 2036 est
293 1976 330 2036 ut
352 1971 483 2036 omniuo
506 1993 573 2036 non
596 1971 638 2036 sit
661 1994 719 2055 pro
743 1971 872 2056 dactylo
895 1973 1014 2054 facilia,
1037 1973 1092 2036 sed
1112 1994 1171 2055 pro
1186 1995 1262 2037 vero

62 2079 418 2154 proceleusmatico.
463 2076 594 2143 Novum
631 2101 708 2144 saue
745 2101 877 2144 narrare
914 2079 1060 2162 videbor,
1097 2101 1170 2143 cum
1206 2079 1264 2142 ali-

58 2185 246 2260 quando
270 2185 305 2277 iu
328 2185 408 2249 duas
431 2184 544 2249 breves
564 2185 704 2251 solutam
724 2207 793 2249 esse
813 2185 912 2249 arsim
931 2185 1124 2269 dactylicam
1144 2185 1262 2250 dixero.

57 2280 108 2379 N
111 2308 207 2355 am
228 2313 302 2356 cum
324 2289 424 2375 vulgo
447 2313 581 2374 prorsus
604 2291 689 2356 iuter
713 2314 747 2355 se
770 2291 909 2356 discreta
931 2291 1011 2355 haec
1029 2312 1148 2375 genera
1166 2291 1263 2356 habe-

60 2398 229 2463 antur:
256 2397 391 2462 liberius
421 2398 590 2481 prosodiae
620 2419 892 2484 numerorumque
924 2419 1026 2482 genus
1054 2399 1089 2462 in
1117 2397 1262 2462 versibus

62 2495 307 2588 trochaicis,
331 2504 478 2570 iambicis
503 2505 680 2590 ceterisque
700 2506 864 2589 scaenicis,
884 2510 917 2570 et
942 2505 1095 2589 dactylici
1114 2504 1263 2569 hexame-

68 2599 134 2666 ssri
178 2633 258 2676 eum
275 2633 361 2676 novo
380 2611 551 2694 prosodiae
570 2612 740 2676 severioris
760 2632 877 2696 genere
897 2613 967 2688 ao.
985 2611 1092 2677 Ennio
1116 2610 1262 2675 invento:

74 2717 351 2784 praeterhac
373 2717 473 2782 etiam
497 2717 634 2783 mixtum
658 2740 697 2781 ex
720 2718 772 2782 his
796 2740 897 2803 genus
918 2720 1043 2784 exstitit
1061 2719 1263 2783 hexametro·

82 2828 189 2885 l'¹1111
216 2846 286 2888 cum
306 2823 453 2888 scaenica
471 2824 605 2889 licentia
623 2825 815 2908 prosodiaci
833 2826 1089 2909 coniunctorum,
1112 2824 1262 2910 qualibus
1272 2852 1317 2891 xv

93 2926 302 3016 antiquitus
326 2932 493 3014 tamquam
516 2930 637 3014 Pythia
660 2932 717 2996 illa
741 2932 826 2996 ltala
849 2954 907 2997 usa
930 2936 980 2997 est
998 2932 1151 3015 Fortuna,
1169 2931 1264 2996 Prae·

102 3036 251 3102 Uestina
279 3037 428 3121 maxime,
455 3037 538 3101 unde
565 3060 683 3103 nomen
708 3044 803 3104 sortes
825 3038 1045 3105 Praenestinae
1067 3035 1264 3124 invenere.*)

110 3125 230 3221 Alque
255 3143 290 3207 in
317 3143 382 3227 his,
415 3166 550 3228 quarum
578 3150 705 3229 partem
734 3145 873 3212 Orellius
904 3147 1087 3229 composuit
1118 3169 1148 3210 n.
1177 3145 1264 3210 2485

10 3264 12 3269 ’
115 3227 188 3315 (ubi
229 3250 352 3334 corrige
388 3248 500 3316 Nunc
538 3254 607 3333 [tu]
645 3256 702 3318 me
737 3255 904 3338 rogitate,
941 3277 1039 3319 nuuc
1075 3253 1263 3317 consulis:

119 3340 270 3441 ttmpus
293 3355 380 3420 abit
407 3356 495 3440 iam,
520 3361 554 3421 et
575 3358 718 3424 Laetus
742 3361 882 3425 lubins
904 3365 1001 3444 pete:
1032 3359 1131 3444 quod
1154 3359 1263 3423 dabi-

122 3448 197 3541 tur,
229 3463 416 3550 gaudibis
448 3463 629 3552 simper),
667 3467 773 3531 locum
805 3467 916 3533 datum
950 3489 1019 3531 esse
1051 3466 1150 3531 etiam
1182 3466 1264 3529 arsis

124 3554 290 3655 solutioni,
320 3575 450 3654 praeter
477 3571 542 3636 alia
569 3594 652 3656 quae
680 3574 859 3659 longiorem
884 3573 1136 3658 disputationem
1160 3572 1264 3657 requi-

126 3673 268 3760 tunm,
295 3677 376 3742 haec
406 3679 554 3762 exempla
580 3679 771 3745 documento
795 3684 885 3759 sunt,
908 3703 989 3765 quae
1013 3685 1153 3764 purgata
1176 3679 1264 3745 vitiis

130 3787 272 3856 allpoeui:
321 3848 324 3853 ,

133 3896 334 3924 χ-

219 3960 241 4030 *)
259 3964 343 4035 [Vide
361 3981 435 4019 nunc
454 3964 483 4018 P.
502 3964 532 4017 L.
552 3963 588 4016 M.
608 3963 637 4018 E.
656 3964 714 4018 tab.
731 3963 755 4015 ll
776 3964 811 4017 M
820 3965 883 4032 —Q
902 3981 928 4016 nr
945 3981 978 4030 n3
998 3962 1026 4017 C.
1043 3963 1062 4016 l.
1077 3962 1106 4014 L.
1128 3963 1180 4018 ln.
1197 3967 1264 4016 1438

142 4040 382 4124 4mcm

203 4133 238 4204 ἣ)
256 4139 435 4211 [Longiorem
454 4140 674 4211 disputationem
692 4140 756 4194 vide
776 4141 804 4197 iu
823 4140 912 4196 Musei
931 4140 1019 4200 ltheu.
1043 4143 1063 4196 t.
1083 4141 1147 4199 XIV
1166 4159 1192 4218 p.
1212 4148 1264 4201 389

154 4217 218 4276 ‘4¹8
233 4225 311 4294 (iufra
327 4248 355 4285 u.
373 4229 457 4300 xlv).
494 4231 523 4289 C.
543 4230 600 4303 W.]
