2948 5048
145 295 187 358 38
412 310 516 356 inicis
540 308 797 356 avarissimus
822 307 1023 356 svinasras.

145 453 332 538 diligentius
363 453 451 517 facto
480 475 576 537 quam
604 474 641 516 ex
675 450 732 516 illo
761 450 898 534 pendere
927 449 1024 536 Hugo
1052 452 1181 517 mallet:
1209 454 1298 519 unde
1328 488 1331 492 ·

146 561 240 621 tanta
273 559 357 642 apud
389 559 474 623 hunc
515 559 698 623 litterarum
731 559 924 623 marsicanam
958 557 1144 624 multitudo.
1196 562 1297 646 Apud

146 664 281 728 Lamam
308 669 417 730 autem
448 687 520 730 cum
552 666 650 729 etiam
680 665 715 729 iri
738 665 944 749 paucioribus
969 687 1063 749 quam
1088 666 1173 750 apud
1196 666 1298 734 Mari·

145 771 234 835 nium
259 772 339 836 locis
371 772 505 835 alicuius
535 771 748 836 dubitationis
773 771 969 858 significatio
992 772 1080 837 facta
1103 776 1205 856 esset,
1230 774 1299 838 iam

32 936 40 951 ,
147 900 184 942 eo
207 899 259 941 res
284 901 353 942 esse
378 876 516 942 adducta
539 878 639 942 videri
663 882 792 962 poterat
814 882 852 942 ut
875 900 1034 942 summam
1057 880 1191 944 tabulae
1214 881 1300 946 inte

148 984 300 1069 gritatem
326 1007 395 1048 esse
419 984 574 1067 crederes,
598 985 661 1049 nisi
685 985 751 1049 suis
776 986 877 1049 oculis
901 985 1006 1049 denuo
1030 1008 1103 1050 aere
1126 985 1300 1052 Parmensi

147 1091 349 1173 examinato,
376 1113 473 1175 quam
503 1113 567 1155 non
591 1095 676 1156 esset
700 1092 867 1176 utriusque
891 1092 1038 1175 exemplo
1062 1093 1302 1177 confidendum,

148 1198 336 1263 (Ivsravvs
360 1197 548 1262 Eanasavs
567 1196 813 1263 Haraancnrvs
838 1197 1001 1262 docuisset
1021 1197 1302 1265 Observationum

148 1304 228 1368 iuris
252 1303 392 1368 Romani
415 1304 498 1368 libro
523 1327 550 1368 a.
572 1304 657 1369 1834
675 1303 804 1388 Lipsiae
828 1304 924 1386 edito,
946 1304 1002 1368 ubi
1025 1328 1056 1388 p.
1079 1306 1119 1369 31
1145 1329 1192 1391 sq.
1216 1307 1303 1373 inte

149 1432 243 1496 grum
267 1411 350 1497 legis
374 1415 471 1495 caput
490 1410 576 1493 XXI,
600 1412 693 1495 quale
717 1412 750 1475 in
769 1412 881 1476 tabula
901 1435 1014 1496 reapse
1033 1413 1202 1497 legeretur,
1228 1413 1302 1478 dili-

150 1518 279 1604 gentius
310 1517 435 1582 studuit
463 1541 558 1603 quam
590 1518 769 1582 evidentius
798 1519 907 1601 poluit
930 1518 1118 1585 describere.
1169 1519 1302 1605 Quippe

149 1625 183 1689 in
207 1626 353 1690 confesso
383 1629 432 1689 est
460 1646 519 1689 nec
543 1624 713 1688 verborum
738 1625 930 1709 ambagibus
955 1625 1035 1689 satis
1060 1627 1214 1710 enarrari,
1239 1649 1303 1692 nec

150 1733 196 1797 eis
224 1733 405 1797 litterarum
435 1731 548 1796 formis
579 1731 695 1815 quibus
723 1731 819 1795 hodie
852 1733 1050 1817 typographi
1079 1736 1217 1797 utuntur
1247 1757 1302 1800 ex-

150 1839 282 1923 aequari
301 1838 522 1902 incredibilem
541 1838 655 1902 iu‘hoc
674 1858 791 1921 genere
810 1838 1002 1902 varietatem
1020 1839 1165 1923 ipsorum
1184 1863 1302 1907 monu-

149 1950 332 2010 mentorum
356 1968 465 2030 posse,
488 1945 544 2010 sed
569 1945 757 2009 delineanda
781 1945 908 2009 demum
929 1966 967 2008 eo
986 1946 1146 2028 perveniri
1165 1952 1203 2010 ut
1221 1970 1304 2013 vera

150 2051 260 2135 imago
284 2051 490 2135 antiquitatis
515 2055 547 2114 et
570 2054 735 2134 tamquam
768 2050 975 2114 simulacrum
999 2051 1159 2137 quoddam
1182 2054 1303 2121 fallere

150 2159 295 2223 nescium
319 2164 469 2240 paretur:
498 2159 588 2221 cuius
618 2158 745 2221 artificii
776 2157 953 2241 perfectum
981 2159 1163 2242 exemplum
1192 2167 1304 2227 exstat

152 2263 329 2329 STEPHANI
354 2264 578 2328 Ennmcnam
604 2264 739 2327 consilio
764 2268 1040 2347 repraesentatum
1065 2262 1123 2330 SO.
1142 2267 1181 2330 de
1199 2265 1303 2333 Baca-

151 2373 289 2438 nalibus.

241 2479 331 2556 Quae
350 2502 421 2544 curn
441 2479 488 2543 ita
507 2482 624 2560 essent,
643 2499 714 2542 cum
730 2499 834 2562 nuper
848 2478 881 2541 in
899 2479 1084 2542 suavissimi
1097 2479 1303 2549 WELCKERI

153 2586 217 2650 mei
252 2586 371 2670 pluteis
408 2584 656 2669 locupletisimis
689 2585 797 2648 nescio
835 2584 911 2667 quid
943 2588 1090 2649 scrutans
1123 2586 1207 2652 forte
1236 2589 1302 2654 for-

153 2696 232 2755 tuna
260 2692 294 2756 in
323 2692 406 2775 legis
429 2691 570 2755 Rubriae
591 2690 771 2774 exemplum
795 2690 981 2754 incidissem
1006 2713 1115 2775 manu,
1144 2698 1181 2758 ut
1203 2694 1303 2761 facile

156 2797 262 2882 primo
278 2801 408 2881 aspectu
424 2797 610 2881 apparebat,
629 2796 834 2881 peritissima,
853 2796 915 2859 fide
934 2800 1041 2860 autem
1055 2799 1307 2884 religiosissima

154 2905 275 2968 affabre
294 2925 426 2987 prorsus
444 2902 621 2990 factum*):
640 2904 706 2984 ubi,
730 2902 805 2986 quid
825 2902 893 2967 eius
913 2904 959 2967 rei
979 2910 1073 2987 esset,
1096 2906 1305 2993 quaerebam,

155 3009 236 3073 illud
256 3009 534 3074 seWE1.0KERvs
554 3009 721 3093 respondit
740 3010 854 3092 optimi
874 3009 935 3073 viri
954 3010 1174 3096 singularique
1188 3013 1306 3080 huma·

154 3172 366 3180 -.—--.-.—-

244 3257 269 3325 *)
290 3256 434 3327 [Conferas
453 3257 548 3309 tamen
567 3272 638 3324 quae
652 3255 821 3311 Ritschelius
839 3257 868 3310 in
883 3257 1010 3311 Enarrat.
1030 3256 1087 3310 tab.
1102 3257 1206 3312 XXXII
1224 3258 1256 3316 P.
1272 3261 1304 3315 L.

155 3345 192 3401 Μ.
209 3345 238 3400 Ε.
254 3364 280 3414 p.
296 3350 330 3398 28
346 3343 468 3413 scripsit:
486 3344 548 3397 ‘Cui
564 3345 701 3413 (exemplo
716 3343 896 3412 lithographo
911 3344 985 3411 quod
995 3344 1060 3398 huic
1071 3348 1306 3404 commentationi

156 3435 296 3489 adnexum
320 3436 390 3501 erat)
419 3432 589 3487 conficiendo
613 3450 676 3486 cum
700 3431 851 3487 delineatio
877 3435 988 3487 tantum
1013 3437 1125 3503 praesto
1143 3434 1245 3490 suisset
1267 3439 1306 3493 ab

155 3524 304 3578 Welckcro
327 3524 452 3592 accepta,
471 3520 536 3575 huic
559 3528 672 3575 a.1841
698 3521 804 3575 donata
822 3521 858 3574 ab
881 3521 1018 3577 Michaclc
1041 3523 1076 3577 do
1098 3523 1190 3593 Lopez
1213 3526 1305 3580 musei

156 3612 314 3667 Parmensis
333 3611 490 3681 praefecto,
508 3627 564 3664 non
588 3629 646 3664 esse
669 3611 900 3664 committendum
919 3611 1018 3680 putavi
1041 3612 1108 3680 quin
1127 3629 1176 3681 per
1194 3612 1308 3669 itineris

156 3701 247 3757 Italici
262 3700 304 3755 sui
316 3700 555 3770 opportunitatem
563 3698 733 3752 Iiibbcckius
747 3698 838 3768 ipsum
849 3700 1031 3768 archetypum
1042 3701 1132 3756 denuo
1142 3701 1305 3771 inspiceret.

155 3790 235 3855 Quod
259 3788 311 3844 etsi
335 3788 383 3842 ille
402 3789 521 3841 testatus
544 3789 587 3840 est
611 3787 747 3842 laudabili
772 3787 825 3842 fide
847 3788 877 3841 iu
899 3789 1071 3860 lithographi
1097 3788 1186 3844 nost-ri
1203 3791 1306 3847 tabula

155 3896 315 3947 expressum
339 3895 411 3943 csse,
439 3880 534 3930 tamen
557 3876 687 3943 quoniam
707 3877 742 3930 ad
765 3878 848 3932 fidem
875 3896 1012 3932 summam
1034 3878 1140 3948 aliquid
1159 3881 1305 3935 tamenin

155 3967 306 4022 levioribus
331 3966 498 4035 quibusdam
517 3967 599 4019 rebus
624 3967 757 4020 omissum
778 3967 941 4021 observarat
960 3972 986 4035 (c
1004 3969 1107 4036 quibus
1125 3985 1209 4021 unam
1228 3986 1305 4037 quac

156 4056 192 4110 ad
208 4060 227 4109 Ρ
243 4056 355 4111 litterae
369 4057 486 4125 figuram
502 4057 620 4124 spectat,
635 4055 716 4125 tetigi
731 4073 819 4124 nuper
834 4056 922 4111 Musei
937 4057 1025 4111 Rhen.
1040 4061 1060 4111 t.
1075 4056 1140 4111 XIV
1150 4075 1177 4126 p.
1192 4063 1242 4111 291
1260 4078 1304 4128 aq.

157 4144 243 4215 [infra
256 4145 352 4215 XIV])‚
367 4146 459 4214 ipsum
475 4145 624 4213 Lopeaium
640 4143 767 4213 precibus
787 4144 844 4198 adii
863 4149 895 4198 ut
912 4163 984 4200 novo
999 4146 1098 4214 parato
1117 4145 1306 4204 instrumento

156 4233 226 4286 mihi
245 4233 455 4301 gratificaretur.
484 4231 640 4301 Respondit
658 4231 701 4285 vir
719 4231 936 4287 officiosissimus
954 4234 1045 4288 missia
1064 4234 1160 4289 formis
1179 4238 1306 4292 stanneis

157 4326 229 4376 acris
248 4321 419 4375 Parmensis:
439 4321 511 4375 unde
528 4338 585 4375 non
604 4320 806 4376 emendandam
821 4323 942 4391 priorem
960 4324 1086 4377 tabulam
1106 4327 1240 4393 nostram,
1255 4327 1306 4381 sed

157 4428 260 4467 novam
279 4428 297 4465 a
315 4409 495 4479 litliographo
515 4410 701 4479 effingendam
721 4411 837 4465 curavi)
875 4411 903 4468 (3.
923 4413 980 4484 W.]
