2948 5048
493 131 642 178 rrrvnvs
667 131 884 177 urvuumuvs.
1194 113 1257 176 105

113 273 318 359 Quapropter
340 273 422 337 mihi
446 274 532 338 aliud
556 273 742 339 delitescere
766 274 801 336 in
824 273 890 337 illis
910 272 1092 336 litterarum
1112 272 1257 356 reliquiis

110 381 214 446 risum
246 385 310 464 est,
342 381 403 445 hoc
427 380 556 465 quidem
579 379 715 445 NANO:
748 403 811 465 quo
832 381 983 444 eximiam
1007 380 1257 444 concinnitatem

112 488 291 553 sententiae
313 487 544 552 nanciscimur:

146 593 204 659 Ne
228 591 436 678 quairatr‘s,
459 591 655 679 honore(s)
677 633 695 640 -
720 593 810 678 quei
831 595 959 658 minus
984 594 1039 658 sit
1061 595 1222 658 uinctus
1335 660 1337 664 ,

111 702 144 768 h.
167 725 193 767 e.
222 700 382 786 quomodo
411 701 534 766 factum
563 704 607 766 sit
634 704 671 766 ut
698 702 836 767 honores
870 702 976 765 miuus
1004 702 1256 766 nancisceretur:

113 810 230 892 quippe
260 808 315 892 qui
347 806 408 871 XX
427 830 528 873 annos
556 813 652 873 natus
682 813 818 874 mortem
848 808 974 872 obierit.
1020 806 1148 890 Arguta
1173 807 1257 870 enim

115 915 275 998 oppositio
294 912 375 978 haec
392 913 444 977 fit:
463 914 518 996 qui
537 915 604 979 siue
623 915 799 980 honoribus
814 915 987 998 virit„n0n
1006 915 1110 978 caruit
1122 914 1258 978 honore:

114 1019 145 1083 id
167 1022 254 1085 enim
277 1021 395 1103 ipsum,
417 1019 573 1084 honorem
597 1021 626 1084 ei
649 1042 715 1086 non
738 1020 893 1104 defuisse,
916 1020 1135 1103 superioribus
1159 1021 1256 1084 versi·

118 1124 173 1191 bus
198 1127 319 1192 dictum
344 1129 423 1208 erat,
446 1127 589 1209 quinon
613 1128 707 1191 aliter
731 1131 828 1211 atqua
852 1127 899 1191 sic
923 1127 1101 1211 accipiendi
1124 1131 1212 1191 sunt:

159 1230 301 1309 Quoier‘
320 1231 404 1296 uitri
428 1233 585 1317 defecit,
604 1271 621 1280 -
642 1237 717 1299 non
739 1234 877 1318 honos,
900 1210 1077 1298 h0n6re'

156 1341 194 1404 ls
217 1337 280 1404 hic
304 1339 421 1403 situs:
445 1341 533 1424 quei
556 1347 748 1426 uunquam
770 1380 785 1388 -
803 1340 931 1406 uictus
955 1343 1015 1405 est
1038 1339 1205 1405 uirtutei

112 1439 198 1526 (eam
229 1446 316 1509 enim
343 1468 527 1510 mensuram
555 1447 635 1511 olim
663 1445 893 1533 defendemus).
940 1448 1039 1523 Quem
1069 1448 1124 1531 qui
1146 1469 1258 1512 versus

104 1547 192 1616 item
215 1553 302 1617 lacer
326 1553 446 1637 excipit
470 1551 984 1619 lituos-GNATVs-Xx-ls
1003 1554 1143 1637 llL....

96 1653 268 1740 DATVS,
297 1680 369 1723 eum
398 1659 599 1742 pravissimis
629 1661 860 1746 supplementis
888 1664 1058 1726 tentarunt
1081 1659 1195 1725 Larisis
1217 1666 1260 1725 est
1339 1649 1340 1653 ¹

84 1763 334 1829 numurus
359 1765 409 1829 vel
432 1765 591 1831 Laudrtus
613 1772 656 1831 est
678 1766 911 1832 monDATVS:
935 1767 1051 1850 quibus
1076 1767 1171 1850 louge
1190 1767 1257 1830 feli-

83 1868 183 1935 cior
200 1870 384 1936 Ludovicus
408 1872 546 1936 Lanzius
570 1872 692 1937 Tarsis
714 1879 758 1938 est
785 1872 1006 1938 munDATVS
1031 1871 1259 1937 commendans

70 1975 145 2039 ad
178 1977 285 2061 ipsam
317 1981 427 2042 tamen
450 1980 620 2044 veritatem
647 2002 713 2044 nou
741 1981 929 2063 penetravit.
974 1978 1057 2044 Nam
1087 1977 1156 2043 uls
1181 2000 1258 2043 sane

64 2076 297 2148 litterarum
320 2086 518 2168 superiorem
541 2090 666 2168 partem
691 2087 724 2149 in
748 2085 856 2169 lapide
880 2086 1031 2170 religiose
1055 2088 1135 2150 meis
1158 2085 1258 2168 preci·

57 2181 174 2252 bus
207 2191 391 2256 examinato
429 2192 637 2276 superstitem
675 2214 744 2256 esse
782 2191 940 2257 Henricus
973 2192 1135 2255 Bruuuius
1168 2213 1259 2255 meus

51 2285 257 2380 locuples
287 2298 381 2362 testis
410 2302 461 2362 est
488 2321 560 2363 cum
588 2297 756 2382 Henzano,
786 2298 840 2362 sed
865 2298 998 2362 duarum
1021 2301 1149 2362 tantum
1172 2299 1259 2363 litte-

47 2414 222 2467 rarnm
261 2405 433 2470 intervallo
472 2428 491 2469 a
531 2407 637 2489 prima
669 2406 780 2471 littera
813 2407 1002 2470 distantem:
1034 2406 1118 2470 hauc
1151 2408 1259 2469 autem

45 2495 217 2580 ipsam
240 2511 330 2575 uullo
355 2511 450 2576 modo
474 2513 524 2575 vel
548 2512 575 2576 T
598 2512 649 2575 vel
667 2512 694 2576 E
709 2512 819 2595 fuisse,
842 2512 869 2578 L
888 2511 1037 2576 mutilam
1061 2532 1156 2594 posse
1176 2533 1259 2575 esse:

47 2622 79 2663 θ’
127 2634 221 2698 qua
243 2623 354 2682 tamen
376 2619 478 2683 ullum
495 2618 559 2684 huc
583 2620 776 2684 conveniens
795 2619 988 2687 vocabulum
1007 2619 1147 2702 incipere
1166 2638 1260 2702 nego.

48 2704 191 2786 Vna
212 2725 281 2788 sola
305 2747 343 2789 ex
368 2726 518 2790 omnibus
546 2726 658 2790 littera
681 2730 783 2790 restat
807 2748 888 2810 quae
912 2728 1041 2809 practer
1064 2723 1090 2787 L
1113 2725 1147 2788 in
1170 2724 1259 2816 Pira-

50 2829 188 2891 nesi
210 2830 391 2914 exemplum
420 2853 552 2914 prorsus
583 2833 731 2917 quadret,
759 2855 840 2916 quae
865 2836 914 2896 est
937 2832 980 2914 D,
1007 2852 1073 2894 nou
1098 2830 1202 2914 qualis
1226 2830 1261 2893 in

55 2909 299 3000 POSIDET
324 2940 456 3001 exarata
478 2943 542 3022 est,
570 2939 624 3003 sed
654 2940 757 3023 qualis
781 2940 816 3003 iu
838 2936 1028 3003 DEFECIT
1052 2942 1085 3000 ct
1107 2934 1259 3001 DATVS.

59 3017 189 3103 Qua
214 3042 317 3107 ascita
345 3044 411 3108 suis
439 3049 476 3109 ut
503 3050 583 3129 puto
616 3047 757 3110 numeris
786 3046 972 3111 absolutum
1001 3042 1260 3127 supplementum

62 3118 177 3204 hoe
201 3148 310 3231 prosa
332 3148 507 3218 nissam
531 3149 789 3217 assumus:

212 3253 344 3320 Annos
369 3261 514 3341 gnatus
536 3257 761 3342 uiginti-is
785 3255 935 3323 Diteist
958 3256 1162 3321 mandatus

70 3351 247 3425 Prorsus
275 3365 312 3425 ut
333 3360 441 3428 Nunc
469 3363 561 3428 data
589 3388 669 3428 sum
698 3365 783 3430 Diti
810 3365 966 3448 longum
992 3384 1172 3427 mansura
1195 3384 1261 3446 per

76 3459 224 3531 Qum
247 3467 370 3531 dictum
393 3470 499 3535 estin
523 3469 671 3535 distichis
694 3471 915 3536 Beneventani
939 3470 1058 3554 lapidis
1082 3493 1101 3533 a
1124 3469 1260 3534 Momm·
1297 3492 1299 3496 ⁴

81 3564 195 3638 ⁸0110
226 3574 401 3657 publicatis
436 3574 470 3639 in
497 3574 586 3640 Diar.
614 3575 693 3640 Inst.
726 3599 753 3640 a.
791 3578 874 3641 1847
908 3599 939 3660 p.
966 3578 1010 3640 24
1043 3579 1076 3640 et
1102 3573 1261 3639 Garhardi

86 3647 205 3744 Dias.
227 3681 387 3746 selaeu.
411 3703 438 3745 a.
464 3683 549 3747 isco
572 3706 603 3766 p.
627 3684 692 3748 aaa
717 3684 755 3764 [Ι.
776 3683 817 3748 Ν.
840 3706 872 3746 n.
898 3684 1007 3764 1623}

206 3787 257 3852 Ad
272 3786 307 3851 L.
326 3787 519 3853 Mummium
539 3793 574 3854 ut
588 3790 725 3873 redeam,
746 3791 806 3854 etsi
826 3789 1062 3854 concedendum
1083 3793 1133 3853 est
1146 3809 1261 3870 parum
1325 3805 1326 3809 ’

104 3869 233 3967 dignos
261 3895 348 3959 illius
373 3888 568 3959 liberalitate
593 3896 868 3980 dedicationisque
897 3895 1140 3979 opportunitate
1164 3895 1260 3958 versi·

116 3987 208 4097 efllos
230 4022 317 4084 esse,
341 4006 450 4066 tamen
475 4004 628 4088 quoniam
651 4003 752 4068 simili
773 4003 905 4067 nominc
929 4002 1013 4066 alius
1036 4003 1131 4066 vietor
1153 4002 1260 4066 nullus

122 4106 153 4153 m
179 4111 327 4191 promptu
351 4112 413 4192 est,
442 4110 488 4173 sic
516 4132 585 4174 esse
613 4109 818 4175 statuendum
842 4109 976 4193 videtur,
1000 4112 1036 4172 ut
1059 4108 1100 4173 ad
1122 4109 1260 4192 praedae

130 4195 251 4278 tellinae
284 4214 452 4280 commoda
484 4214 702 4279 divendendae
736 4215 967 4300 cogitationem
1000 4215 1123 4298 rependi
1152 4215 1260 4280 dosol-
