2948 5048
242 334 305 399 552
475 349 619 397 Purscsu
643 348 868 396 naurnrmurs
892 348 1150 396 nmonsunrcan

240 491 350 556 eadem
373 492 592 557 inconstantia
620 491 654 555 in
676 490 887 556 Heracleonis
915 494 1040 555 tessera
1067 492 1225 575 scriptum
1250 496 1290 556 est
1305 485 1344 555 SD
1464 510 1468 517 ·

241 601 274 662 et
295 597 400 679 POM‚
424 599 459 662 in
481 598 643 663 Vaticana
665 620 696 682 p.
718 599 780 662 196
803 621 834 663 n.
854 597 918 661 729
943 592 1124 663 FROGILI
1152 603 1185 664 ct
1207 596 1345 663 Pfflllll
1465 644 1473 701 .-

240 704 372 788 GVRV,
399 703 458 788 SP,
486 704 555 769 AP:
584 703 674 788 (nam
696 706 731 770 in
754 704 816 770 hoc
839 725 957 789 genere
979 705 1098 769 mirum
1127 727 1193 771 non
1220 710 1265 770 est
1284 704 1346 787 typis
1463 718 1467 755 ῑ

241 833 392 894 expressa
411 813 559 896 exempla
578 811 689 876 fallere
705 808 840 897 omnim)
858 811 936 875 item
955 811 989 875 in
999 810 1144 876 Medicea
1161 835 1192 896 p.
1206 811 1261 877 197
1274 809 1346 875 olel
1462 803 1469 845 ·*

242 918 344 1000 [Tess.
367 919 452 1003 glad.
475 941 506 982 n.
521 919 574 1002 21,
595 917 662 982 tab.
681 916 730 981 Ill
744 917 809 997 El:

609 1364 1006 1470 '‘sun-n-vns-oc

604 1515 1002 1619 ‘n.‘noi1.np'“

244 1735 291 1798 sic
314 1732 399 1796 enim
423 1732 506 1796 hanc
536 1755 668 1815 prorsus
697 1733 738 1797 ad
767 1734 939 1799 veritatem
969 1739 1325 1818 repraesentaveramus
1347 1711 1382 1777 P·

243 1840 277 1905 L.
302 1838 344 1903 M.
368 1839 406 1902 E.
434 1838 499 1902 tab.
523 1838 571 1902 ΙΙΙ
590 1839 638 1916 K,
674 1839 736 1904 hoc
768 1844 819 1905 est
855 1841 924 1905 sine
957 1841 1004 1905 eis
1037 1840 1271 1925 supplementis
1302 1830 1394 1917 quae

162 1916 178 1947 ⁰
243 1945 397 2010 loannem
420 1943 544 2009 Labum
569 1945 728 2009 incautius
752 1950 881 2011 secutus
905 1950 1033 2030 praeter
1057 1948 1230 2012 veritatem
1252 1938 1409 2011 Momm·

243 2074 338 2116 senus
363 2051 495 2115 addidit.

332 2369 408 2435 Non
432 2371 638 2436 iniucundum
662 2373 730 2436 fore
754 2372 870 2436 tertiac
894 2377 1036 2437 tesserae
1055 2374 1090 2437 Ε
1109 2374 1263 2438 notitiam
1286 2378 1386 2437 suss
1423 2343 1459 2415 pi

244 2499 363 2561 camur,
394 2500 490 2561 quam
514 2477 548 2540 in
571 2478 724 2543 thesauro
748 2478 930 2542 nummario
954 2479 1203 2565 antiquarioque
1226 2441 1470 2544 Vindoffl

244 2585 335 2648 nensi
359 2589 520 2648 servatam
540 2584 730 2668 Iosephus
755 2585 801 2648 ab
821 2584 969 2650 Arneth
994 2588 1027 2649 et
1049 2585 1272 2651 Fridcricus
1290 2584 1320 2648 K
1339 2567 1459 2670 b·

244 2714 311 2755 nor
337 2691 569 2754 humanissime
598 2712 722 2754 mecum
751 2691 1030 2756 communicarunt
1054 2692 1155 2771 [Tess.
1180 2692 1266 2777 glad.
1289 2716 1318 2756 n.
1454 2649 1470 2712 ὀ

245 2798 310 2861 tab.
333 2798 420 2877 101:

654 2947 970 3012 HlLAltIO

600 3056 935 3162 ‘omini‘
956 3059 972 3063 ”

631 3208 857 3312 sisui-'k
875 3283 882 3296 ·
897 3208 1019 3311 'nou

635 3351 1009 3464 nonnoni

247 3575 379 3659 Spectat
403 3576 488 3640 enim
512 3575 592 3640 haec
611 3582 747 3659 tessera,
771 3599 852 3662 quac
872 3577 955 3642 unda
969 3576 1198 3642 Vindobonam
1218 3576 1325 3641 delata

246 3682 428 3765 ignoratur,
459 3682 497 3745 ad
527 3704 647 3746 annum
672 3684 745 3765 728,
777 3707 840 3768 quo
869 3706 941 3748 cum
965 3683 1102 3748 Caesare
1127 3683 1279 3769 Augusto
1307 3706 1353 3748 oc

247 3810 322 3851 vum
344 3787 449 3852 fasces
473 3789 605 3852 tenebat
628 3789 663 3853 T.
684 3788 831 3853 Statilius
855 3789 890 3855 T.
914 3789 935 3854 f.
959 3791 1084 3853 Taurus
1107 3790 1232 3854 ilerum:
1264 3810 1380 3876 quart
1406 3798 1420 3809 ‘

246 3893 331 3958 idem
356 3893 481 3958 Taurus
504 3895 569 3958 iam
589 3896 695 3959 lucrat
723 3895 836 3959 consul
864 3896 1015 3960 sruffectus
1046 3917 1131 3960 anno
1156 3896 1235 3980 717,
1268 3898 1358 3981 deq

247 4001 416 4064 consulatu
441 4000 513 4064 vide
536 4000 724 4064 chzenum
749 4000 782 4066 Ο.
802 4002 826 4066 l.
845 4002 879 4066 L.
903 4003 917 4066 l
943 4026 972 4087 p.
992 4003 1065 4066 449.
1103 4001 1266 4067 Omissam
1286 4009 1342 4069 aut
1472 4089 1474 4092 Α

247 4108 356 4172 iterati
386 4106 518 4171 honoris
546 4111 657 4171 notam
687 4128 751 4171 non
780 4112 830 4171 est
858 4109 941 4193 quod
973 4109 1135 4192 miremur,
1166 4131 1241 4174 cum
1266 4111 1364 4175 addit

232 4214 396 4295 ,clausuris
421 4215 603 4279 consulatui
627 4237 779 4280 numerus
803 4217 927 4280 nullum
947 4216 1144 4282 dubitationi
1166 4216 1278 4282 locum
1300 4219 1359 4284 reli

248 4324 368 4404 queret.
413 4321 551 4404 Parique
574 4322 699 4386 ratione
722 4323 875 4405 conlegae
899 4324 1029 4387 nomine
1052 4324 1133 4387 satis
1157 4324 1271 4388 finitus
1291 4316 1424 4390 unul?

249 4447 328 4509 opus
352 4447 418 4490 non
441 4425 557 4491 habuit
579 4428 780 4512 imperatorii
809 4429 994 4494 consulatus
1021 4429 1223 4495 accuratiore
1250 4437 1333 4496 nota
1364 4406 1417 4483 ’ἱ
1435 4448 1442 4454 ··
