3074 5138
318 375 384 440 436
478 393 515 440 IN
539 393 651 442 LEGES
676 395 865 444 Vlsncmsn
889 395 1074 444 ANTONIAM
1099 397 1301 446 CORNELIAM

318 536 458 600 breviari
481 537 659 620 potuerint:
682 538 897 623 reputandum
921 543 1053 604 estnec
1077 539 1159 604 talia
1181 541 1288 606 inesse
1309 563 1393 626 quae
1417 543 1462 604 rel

318 642 352 706 in
380 643 442 708 hae
468 643 540 729 lege
568 644 619 709 vel
646 645 681 709 in
708 645 925 710 monumentis
954 646 1115 711 similibus
1144 650 1240 710 notas
1267 647 1464 712 facile-reci-

317 749 410 833 piant
433 747 574 835 (praeter
596 750 654 815 illa
677 751 804 837 quidem
829 750 888 815 TR
903 787 908 800 ·
924 751 999 816 PL·
1028 756 1061 816 st
1082 749 1261 836 DE·S·S,
1284 774 1369 835 quae
1394 757 1463 815 sunt

318 854 561 944 diversissima),
581 879 618 922 ac
636 879 676 922 ne
696 857 889 942 sicquidem
909 858 975 923 ullo
996 857 1133 923 artificio
1154 857 1238 922 effici
1258 863 1295 922 ut
1308 858 1350 924 ad
1368 859 1463 923 trium

317 962 503 1028 tabularum
526 965 696 1049 angustias
720 965 820 1029 totius
849 965 1006 1030 ambitum
1033 965 1197 1049 plebisciti
1227 987 1375 1049 revoces,
1404 966 1465 1045 sed,

317 1091 390 1134 cum
413 1072 601 1155 plurimum,
629 1072 670 1136 ad
693 1072 791 1137 trium
814 1077 848 1136 et
871 1071 1036 1156 dimidiae,
1064 1073 1117 1156 qui
1145 1073 1214 1156 ipse
1237 1096 1393 1138 numerus
1416 1095 1464 1137 er·
1522 1039 1523 1132 1

316 1199 390 1260 pers
413 1184 463 1242 est
485 1179 631 1244 rationis.
664 1177 786 1254 Quodsi
810 1179 995 1243 habitorum
1017 1178 1222 1244 comitiorum
1241 1179 1351 1245 locum
1371 1183 1464 1264 atque

317 1282 402 1348 diem
425 1286 570 1369 potuisse
594 1284 677 1350 adici
696 1285 898 1369 ratiocinare,
922 1285 998 1368 quid
1017 1284 1091 1349 inde
1110 1284 1373 1350 consectarium?
1401 1285 1464 1349 Aul

316 1391 421 1474 ipsum
447 1392 686 1475 quaternarium
711 1413 880 1456 numerum
904 1392 1089 1456 tabularum
1114 1391 1301 1476 complebis,
1326 1393 1383 1456 sed
1402 1413 1464 1456 non

315 1497 380 1560 nisi
403 1497 500 1562 certis
518 1481 673 1562 ‘admissis
696 1498 816 1563 litteris
841 1498 1069 1582 singularibus,
1093 1503 1149 1563 ant
1172 1498 1309 1582 augebis
1334 1498 1377 1562 ad
1402 1499 1464 1582 qui·

316 1603 459 1688 narium,
484 1609 540 1669 aut
562 1627 673 1670 rursus
697 1605 737 1668 ed
759 1604 960 1670 dimidiatam
980 1605 1126 1671 tabulam
1145 1604 1291 1669 relabere
1310 1609 1464 1689 quattuor

314 1709 450 1795 integris
475 1712 632 1777 eddilam:
666 1713 704 1777 de
728 1713 846 1796 tribus,
874 1735 954 1796 quas
979 1712 1114 1796 periisse
1142 1733 1274 1777 neccsse
1298 1712 1358 1796 sit,
1387 1711 1463 1776 nihil

315 1815 501 1882 detraxeris.

403 1923 536 1990 Litteris
560 1929 668 1990 autem
692 1949 803 1991 versus
823 1927 956 1992 alterius
980 1930 1105 2010 septem
1129 1925 1180 1990 rel
1200 1930 1275 1990 octo
1294 1929 1329 1989 et
1348 1925 1463 2010 viginti

314 2030 381 2094 illis
406 2053 478 2096 enm
502 2031 664 2116 inprime
689 2055 784 2097 versu
811 2032 1058 2118 grandiusculae
1087 2031 1310 2116 duodeviginti
1335 2053 1463 2116 respon·
1522 2067 1523 2124 1

314 2137 425 2222 deant,
448 2138 506 2202 has
525 2159 655 2204 necesse
675 2143 726 2203 est
744 2139 834 2204 salva
853 2139 1062 2222 proportione
1082 2137 1211 2202 circiter
1228 2137 1464 2223 quinquaginta
1522 2127 1523 2210 1

315 2249 468 2329 quattuor
501 2245 665 2328 excepisse
698 2245 732 2309 in
758 2245 864 2310 tribus
896 2244 1016 2309 tabulis
1051 2243 1236 2327 deperditis.
1267 2225 1338 2308 'Ea
1367 2245 1465 2330 igitur

315 2373 467 2416 mensura
490 2352 545 2416 ubi
569 2352 827 2418 commendatum
853 2350 1090 2435 aGoettlingio
1115 2349 1380 2433 supplementum
1404 2372 1464 2414 me

314 2459 397 2524 tiare
425 2459 508 2544 quod
539 2464 588 2523 est
618 2459 696 2524 tale:
735 2454 1463 2525 O·ANTON1VS·M·F·O·N·OORNEru

314 2585 369 2630 cos.
397 2567 441 2628 ud
465 2571 606 2630 senonem
632 2568 749 2646 retulit,
783 2566 937 2631 continuo
969 2586 1065 2648 quam
1094 2565 1174 2628 haec
1204 2585 1271 2628 non
1301 2563 1464 2629 sufficiant

313 2673 497 2757 perspicies.
536 2675 649 2758 Itaque
667 2672 869 2759 Goettlingio
893 2676 930 2736 nt
948 2692 1123 2756 parumper
1141 2691 1380 2754 succurramus,
1402 2672 1463 2735 fcr-

315 2780 401 2845 sitan
424 2780 480 2844 ille
505 2781 544 2844 ad
569 2780 710 2845 consulis
739 2781 774 2845 in
803 2786 914 2846 senatu
944 2779 1134 2844 relationem
1162 2778 1226 2842 loci
1251 2783 1284 2842 ct
1306 2779 1462 2876 temporis

315 2887 512 2952 mentionem
537 2886 696 2951 adsciscat
719 2908 736 2950 e
759 2888 880 2952 talibus
903 2885 1060 2970 exemplis
1079 2885 1189 2969 qualia
1211 2884 1247 2948 in
1266 2886 1373 2949 senati
1393 2907 1462 2950 con·

315 2993 410 3058 sultis
442 2993 481 3058 de
509 2992 766 3060 Bacchanalibus
800 2995 901 3080 deque
932 2993 1123 3059 Tiburtibus
1155 2994 1296 3056 exstant.
1348 2991 1396 3056 Et
1427 2992 1463 3055 ds
1522 3001 1523 3082 j

315 3099 418 3163 senati
443 3100 571 3184 quidem
594 3103 755 3166 sententia
783 3101 866 3166 hanc
893 3100 926 3166 in
956 3122 1020 3184 qua
1046 3119 1214 3164 versamur
1239 3097 1347 3183 legem
1371 3119 1462 3182 roga·
1522 3089 1523 3152 1

314 3209 382 3270 tam
407 3229 477 3272 esse
500 3208 572 3292 ipso
600 3229 678 3273 sane
707 3230 802 3272 versu
830 3207 932 3271 altero
962 3204 1125 3270 docemur:
1158 3204 1214 3268 ubi
1243 3203 1325 3269 satis
1353 3205 1462 3288 inepte
1522 3233 1523 3274 1

315 3313 392 3377 olim
429 3313 578 3379 tribunos
614 3314 785 3396 (1111111101
824 3310 1122 3394 interpretabantur
1158 3308 1285 3374 Dnss
1326 3311 1462 3376 litteras.

315 3419 450 3486 Talibus
469 3426 576 3485 autem
595 3421 723 3506 legibus
741 3442 820 3484 num
838 3421 966 3502 praeter
986 3418 1175 3502 rogatorum
1193 3418 1336 3502 nomina,
1356 3441 1377 3483 a
1396 3419 1461 3503 qui-

314 3527 375 3593 bus
398 3528 489 3612 ipsse
513 3527 671 3612 appellari
695 3527 820 3609 solitae,
849 3524 947 3590 etiam
971 3545 1082 3588 eorum
1105 3522 1240 3588 nomina
1261 3527 1461 3610 praescripta

315 3633 389 3718 sint,
412 3635 468 3718 qui
491 3635 530 3700 de
554 3656 592 3699 ea
615 3636 653 3700 de
673 3657 737 3720 qua
755 3635 863 3719 agitur
883 3655 918 3698 re
938 3636 1086 3697 senatum
1105 3629 1336 3696 consuluerant
1353 3631 1460 3697 huius·
1522 3651 1523 3736 p

314 3763 375 3825 que
398 3742 592 3806 auctoritate
616 3763 712 3828 agere
735 3765 808 3807 cum
830 3739 972 3805 tribunis
1000 3739 1043 3823 pl.
1067 3738 1148 3802 iussi
1172 3741 1277 3822 erant,
1308 3739 1460 3823 qnoniam
1522 3743 1523 3812 3

278 3864 301 3904 x
315 3847 350 3912 in
377 3852 525 3914 neutram
552 3853 679 3932 partem
707 3848 853 3932 exempla
881 3847 949 3912 ulla
976 3849 1107 3931 praesto
1137 3847 1226 3928 sunt,
1257 3867 1324 3909 non
1357 3846 1460 3910 minus
1522 3867 1523 3892 ÷

313 3955 484 4040 ignoratur
508 3977 603 4040 quarn
628 3978 706 4020 num
729 3959 800 4019 tum
824 3975 965 4040 quoquc,
988 3957 1026 4017 ut
1049 3951 1081 4016 in
1106 3952 1191 4016 veris
1214 3950 1392 4036 liberisque
1416 3973 1460 4015 se·
1522 3943 1523 3954 ’

314 4061 382 4127 nati
406 4063 564 4127 consultis
588 4085 669 4148 quac
693 4061 908 4146 adpopulum
928 4060 1060 4125 omnino
1079 4059 1334 4142 conferrentur,
1357 4059 1459 4125 habiti

314 4173 444 4234 senatus
473 4173 600 4254 tempus
632 4170 785 4253 locusque
814 4167 977 4251 adscripta
1005 4165 1084 4230 sint:
1116 4165 1201 4249 quod
1226 4166 1282 4248 qui
1306 4166 1371 4230 sibi
1393 4187 1460 4249 per·
1522 4161 1523 4166 ’

314 4277 466 4360 suaserit,
497 4297 574 4342 nonv
591 4276 713 4360 poterit
741 4275 857 4341 saltem
885 4273 963 4358 quin
992 4273 1094 4336 multo
1122 4271 1243 4336 maiore
1271 4271 1341 4336 iure
1366 4278 1460 4357 atque

315 4383 393 4446 adeo
417 4383 610 4448 necessitate
634 4382 840 4448 comitiorum
862 4385 990 4462 tempus
1012 4379 1183 4463 locumque
1205 4378 1358 4470 requirat
1398 4377 1459 4442 Ve-

314 4509 386 4551 rum
409 4489 443 4551 in
466 4489 524 4552 illa
542 4492 652 4553 tamen
671 4489 877 4572 ignoratione
895 4489 933 4552 ut
949 4485 1128 4570 largiamur
1145 4484 1267 4550 factum
1286 4505 1357 4550 esse
1376 4483 1458 4569 quod
