2948 5048
425 221 710 310 oasanvarrorlns
735 260 1001 309 arroaarmoaa.
1219 245 1284 309 437

66 428 209 475 non
236 404 330 469 modo
363 408 555 488 argumento
587 405 723 490 firmari,
756 405 810 469 sed
842 426 882 467 ne
914 405 1039 469 ratione
1072 403 1202 489 quidem
1235 404 1286 468 vel

63 511 244 580 iuberi
258 511 309 576 vel
324 510 543 576 commendari
561 511 806 596 intellegamus:
830 512 1009 596 largiamur
1023 509 1165 577 Sullanis
1185 511 1285 595 potis-

59 621 196 685 sim
204 640 257 682 um
280 616 481 701 temporibus
504 617 637 701 facturn,
659 618 775 702 quibus
799 619 901 682 fracta
924 618 1100 683 tribunicia
1122 621 1286 702 potestate

55 725 304 792 senatoria
327 726 503 790 auotoritas
527 725 717 790 reviruerat:
751 730 786 790 at
812 726 875 791 duo
904 730 979 789 sunt
1002 748 1083 809 quae
1107 747 1173 789 non
1196 726 1286 810 igno·

52 854 257 916 remus,
275 831 538 916 Goettlingianae
557 832 760 897 coniecturae
775 832 959 897 adversaria
980 837 1016 896 ut
1034 832 1119 917 quod
1138 832 1286 898 maxime.

50 938 283 1004 Pritnum
307 939 392 1003 eninr
417 939 688 1024 additae'tribus‚
717 940 767 1004 cui
790 941 841 1003 vel
865 940 970 1025 legem
994 961 1114 1025 rogans
1139 941 1187 1004 vel
1212 961 1284 1004 oon-

50 1045 249 1110 sulens
273 1049 422 1110 senatum
445 1047 657 1132 magistratus
681 1046 859 1130 adscriptus
883 1046 990 1130 fuerit,
1013 1048 1194 1130 exemplum
1218 1069 1286 1111 om·

50 1151 220 1218 nino
245 1154 370 1218 nullum
401 1157 520 1218 exstat:
554 1154 582 1217 si
615 1153 710 1217 modo
739 1151 889 1218 Cornelia
916 1153 951 1218 C.
976 1154 1155 1219 Antonium
1184 1153 1285 1219 fuisse

53 1260 315 1346 credamus,
338 1259 424 1344 quod
447 1260 554 1344 ipsum
578 1260 612 1323 in
636 1258 707 1323 sola
731 1260 916 1324 coniectura
939 1261 1090 1344 positum.
1136 1260 1285 1325 Alterum

55 1368 174 1447 est,
225 1367 307 1453 qnod
330 1371 406 1452 post
429 1368 534 1451 legem
557 1365 746 1449 Pompeiam
776 1366 854 1431 anui
878 1368 956 1450 684,
984 1389 1047 1451 qua
1075 1367 1212 1431 liberum
1235 1366 1285 1431 ius

56 1470 249 1556 legum
273 1473 477 1539 ferendarum
500 1473 642 1538 tribunis
666 1473 851 1537 restitutum
877 1477 939 1556 est,
963 1478 1213 1538 consentaneum
1238 1475 1287 1537 est

59 1581 285 1658 profecto
312 1581 374 1647 bos
401 1601 466 1645 non
493 1581 529 1644 de
555 1580 655 1644 senati
681 1579 830 1643 seruientia
863 1600 995 1663 rogasse
1026 1602 1079 1644 eas
1107 1579 1195 1665 leges
1224 1579 1287 1644 dici

64 1701 224 1762 quae
247 1712 303 1753 sua
327 1689 434 1773 potius
458 1689 619 1772 potestate
646 1687 821 1772 rogabant,
854 1687 981 1752 etiamsi
1010 1687 1144 1771 rogandi
1175 1689 1286 1751 auctor

66 1799 271 1860 senatus
294 1796 424 1860 fuisset:
448 1792 483 1859 C.
502 1797 609 1858 autem
630 1793 808 1858 Antonium
832 1792 887 1858 ‘M.
907 1792 928 1858 f.
947 1791 980 1859 C.
999 1792 1042 1857 n.'
1066 1792 1286 1877 Goettlingius

67 1890 372 1986 interpretatur
389 1899 432 1965 M.
446 1900 531 1965 Tulli
546 1898 710 1965 Ciceronis
731 1899 765 1963 in
788 1899 958 1964 consulatu
982 1922 1010 1963 a.
1025 1901 1087 1964 691
1110 1899 1286 1984 conlegam.

70 1995 208 2072 Quo
236 2010 284 2074 vel
307 2007 388 2073 illud
412 2006 537 2072 accedit
559 2007 645 2091 quod
668 2008 701 2071 in
725 2006 810 2072 hano
829 2010 967 2072 aetatem
986 2007 1059 2091 ipsa
1078 2011 1110 2071 et
1130 2006 1286 2072 sermonis

72 2106 126 2166 eb
166 2109 401 2180 litteraturae
425 2114 547 2197 species
571 2114 737 2198 aliquanto
765 2113 872 2178 minua
897 2137 993 2197 quam
1018 2115 1052 2177 in
1077 2135 1197 2177 annum
1221 2114 1286 2179 682

75 2213 157 2276 vel
215 2222 280 2288 683
303 2222 468 2305 convenit,
496 2221 547 2285 eui
575 2222 713 2304 tempori
736 2224 812 2305 post
834 2220 947 2285 Henr.
972 2220 1034 2285 Ed.
1058 2219 1286 2286 Dirksenum

76 2311 126 2380 in
156 2320 368 2393 ‘Versuche
387 2351 443 2392 zur
461 2327 572 2393 Kritik
591 2328 657 2392 und
673 2328 863 2413 Aualegung
883 2328 938 2392 der
952 2327 1088 2403 Qnellen
1107 2328 1162 2393 des
1177 2328 1286 2394 Rami-

78 2422 241 2501 ⁸⁰hen
263 2435 400 2501 Rechts'
424 2435 524 2517 (libro
548 2435 676 2520 Lipsiae
701 2458 728 2499 a.
751 2436 834 2501 1823
859 2433 960 2521 edito)
985 2459 1016 2520 p.
1034 2436 1095 2500 158
1120 2435 1287 2500 verissime

79 2521 228 2606 hano
260 2543 366 2627 legem
398 2542 654 2608 Mommsenus
692 2542 808 2606 tribuit
843 2542 877 2606 in
911 2540 1043 2627 Bergkii
1076 2539 1287 2627 Caesarisque

79 2626 261 2715 Diariis
285 2651 384 2735 antiq.
407 2651 490 2716 stud.
514 2673 541 2714 a.
560 2649 643 2714 1846
665 2671 695 2732 p.
714 2650 789 2714 106:
813 2648 941 2734 quando
966 2648 1032 2712 illis
1057 2647 1186 2733 quidem
1209 2652 1287 2714 tem·

78 2751 274 2852 floribus
302 2756 430 2822 citiores
458 2757 571 2841 lingua
600 2778 695 2840 quam
724 2778 782 2839 pro
810 2755 975 2838 paucitate
1003 2777 1160 2819 annorum
1183 2760 1286 2822 muta·

79 2844 248 2928 tlones
270 2863 378 2929 subire
401 2862 500 2927 solita
523 2866 581 2926 est.
1320 2862 1323 2871 '

232 2969 361 3035 Reieoto
389 2970 491 3056 igitur
513 2968 706 3053 Goettlingii
735 2968 959 3052 supplemento
988 2971 1147 3054 reliquum
1176 2975 1225 3036 est
1251 2976 1288 3037 ut

74 3054 138 3120 “d
188 3077 396 3161 complenda
420 3078 527 3162 spatia
550 3076 657 3140 mutili
676 3074 800 3140 exordii
818 3075 905 3140 viam
924 3077 990 3141 iam
1010 3075 1177 3163 aSigonio
1198 3101 1286 3144 mon-

70 3160 292 3264 stratam,
314 3206 382 3250 non
404 3185 598 3268 confectam,
621 3182 800 3247 recolamus
825 3183 1029 3268 sociatusque
1054 3183 1087 3250 O.
1107 3184 1286 3250 Antonium

69 3254 167 3338 0¹¹-
225 3289 406 3357 Cornelium
430 3288 465 3355 C.
488 3288 690 3354 Fundanium
715 3311 786 3353 cum
811 3289 1002 3373 quibusdam
1027 3290 1100 3355 aliis
1124 3294 1285 3358 communi

65 3383 274 3464 ⁰⁰¹1⁸ili0
297 3419 432 3484 rogasse
454 3397 558 3482 legem
587 3395 626 3461 de
649 3394 899 3461 Thermensibus
929 3400 1118 3462 statuamus.
1164 3398 1286 3475 Quodsi

64 3468 272 3571 tabIllae
303 3506 427 3590 primae
464 3505 588 3588 primus
621 3526 731 3567 versus
769 3526 868 3567 unum
902 3526 1019 3568 nomen
1052 3509 1085 3568 et
1117 3504 1285 3571 dimidium

64 3592 244 3696 mpii,
274 3633 400 3676 summa
430 3611 568 3676 efficitur
601 3632 656 3674 sex
686 3610 853 3675 nominum
886 3594 943 3695 per
975 3615 1128 3694 quattuor
1157 3612 1285 3677 tabulas

64 3697 349 3794 seriptorum:
378 3718 495 3802 quibus
518 3718 628 3783 iuncto
652 3717 819 3783 Fundanio
848 3721 971 3801 septem
1000 3718 1123 3783 tribuni
1146 3719 1189 3802 pl.
1212 3742 1286 3803 pro-

98 3811 242 3891 eu—llt
263 3829 430 3911 rogatores
453 3824 544 3910 legis.
577 3824 720 3900 Quorum
742 3825 946 3889 tribunorum
969 3826 1064 3908 plena
1083 3826 1215 3890 nomina
1234 3825 1286 3889 de·

72 3912 192 3982 ⁰⁹¹0
235 3935 369 4017 apparet
390 3952 430 3995 ne
453 3931 593 4016 quinque
617 3931 745 4015 quidem
769 3931 898 3995 tabulas
922 3934 1073 4015 capturas
1097 3931 1206 4016 fuisse,
1230 3933 1284 3997 sed
1414 3969 1424 3989 ·

79 4020 159 4119 ³5¹
213 4038 355 4104 demum.
388 4036 517 4104 Novam
540 4037 608 4121 fore
633 4038 826 4123 quibusdam
849 4043 1038 4122 rogatorum
1060 4043 1183 4103 tantam
1205 4041 1284 4103 mul·

90 4110 312 4212 “tudinem
336 4145 551 4230 suspicamur:
581 4146 737 4230 equibus
766 4150 874 4209 tamen
904 4146 1101 4231 quaerimuS,
1128 4169 1191 4232 quo
1214 4151 1285 4212 tan·

129 4242 209 4307 ‘³¹11
237 4252 445 4320 fundamento
468 4251 631 4317 tralaticia
654 4252 764 4336 opinio
787 4252 919 4335 nitatur,
945 4274 1009 4335 qua
1032 4258 1089 4318 aut
1111 4276 1193 4318 unus
1217 4254 1285 4338 ple-

118 4346 274 4444 mulque
301 4363 360 4426 aut
381 4359 445 4423 duo
473 4364 600 4424 tantum
628 4362 811 4445 rogatoreS‚
842 4360 894 4424 vel
926 4362 963 4423 ut
995 4360 1112 4426 rectius
1141 4362 1283 4429 dicamus
