3074 5138
296 348 361 451 138
456 365 494 410 rr
518 363 630 412 nasas
654 363 843 412 nsannmn
867 363 1051 412 18161111(
1076 361 1282 412 coercemur

295 509 416 572 latores
444 507 528 591 legis
558 507 711 590 cuiusque
734 506 926 572 tribuniciae
955 507 1054 571 fuisse
1077 505 1271 572 creduntur?
1315 505 1452 590 Nequa-

298 635 394 698 quam
426 635 485 679 nos
517 613 603 700 fugit
634 613 829 679 contrariam
857 613 1017 679 rationem
1044 635 1111 678 non
1138 613 1220 678 satis
1247 611 1384 697 probari
1414 634 1454 678 eo

297 720 382 804 quod
405 723 686 807 promulgatarum
710 720 840 805 quidem
869 743 889 784 a
911 719 1058 804 pluribus
1082 720 1192 805 legum
1215 720 1349 785 minime
1376 741 1454 784 rara

298 827 419 892 mentio
439 832 502 892 est:
527 828 617 894 velut
635 849 654 892 a
671 849 789 893 novem
808 825 948 892 tribunis
966 826 1195 911 promulgatae
1219 827 1303 910 apud
1319 824 1454 890 Livium

294 933 354 1018 IV,
372 935 399 1018 1,
414 935 444 1018 2,
467 935 508 999 ab
528 937 600 1000 octo
620 934 705 1018 apud
724 933 912 1000 Ciceronem
936 934 1030 1018 epist.
1053 933 1094 999 ad
1116 933 1193 999 fam.
1210 932 1281 1019 1‚9‚
1298 933 1339 998 16
1365 933 1453 998 conl.

299 1043 378 1106 orat.
406 1040 440 1106 in
468 1041 616 1106 Pisonem
647 1040 698 1124 15,
716 1040 769 1124 35,
800 1063 859 1125 pro
889 1039 996 1106 Sestio
1024 1040 1077 1124 33,
1097 1041 1152 1106 72:
1186 1061 1268 1124 quae
1298 1039 1455 1123 exempla

299 1148 465 1215 commode
496 1146 724 1232 Marquardtus
758 1147 940 1232 composuit
967 1145 1148 1212 Enehiridii
1178 1147 1277 1231 antiq.
1306 1145 1405 1211 Rom
1435 1169 1455 1210 a

299 1253 441 1320 Beckero
459 1254 606 1320 incohati
624 1258 648 1320 t.
661 1254 694 1320 II
712 1255 829 1340 parte
849 1277 879 1340 p.
894 1256 946 1322 60.
978 1255 1064 1320 Nam
1082 1254 1262 1321 rectissime
1278 1254 1319 1320 ab
1335 1253 1454 1320 eodem

250 1385 285 1426 xr
300 1360 492 1428 adnotatum
511 1365 560 1426 est
579 1383 609 1444 p.
626 1363 689 1426 124
707 1361 896 1447 plerumque
915 1362 954 1427 de
973 1364 1142 1445 compacto
1159 1361 1350 1442 convenisse
1364 1360 1454 1426 inter

299 1468 570 1554 promulgatores,
593 1491 612 1534 a
631 1491 695 1554 quo
714 1473 883 1552 rogaretur
901 1469 1012 1554 plebes
1031 1469 1335 1553 praecidereturque
1353 1468 1454 1533 comi·

299 1575 355 1640 tiis
380 1579 412 1640 et
435 1597 554 1640 nomen
577 1576 643 1661 legi
661 1575 834 1658 inderetur,
852 1576 880 1640 si
900 1575 995 1641 modo
1016 1575 1230 1658 dissentiendi
1247 1573 1455 1642 interceden-

302 1681 372 1746 diva
398 1702 513 1746 caussa
535 1683 627 1748 nulla
649 1682 782 1748 invente
805 1685 899 1747 esset.
931 1679 1030 1748 Cuius
1048 1681 1095 1746 rei
1114 1681 1340 1766 planissimum
1360 1681 1455 1746 testi·

302 1787 446 1853 monium
470 1789 555 1872 apud
575 1786 762 1855 Ciceronem
787 1791 894 1854 exstat
918 1787 956 1853 de
980 1788 1052 1872 lege
1076 1788 1204 1872 agraria
1227 1787 1324 1874 11‚2,
1343 1789 1390 1854 22
1415 1787 1454 1852 de

301 1895 335 1959 P.
359 1893 498 1960 Servilio
521 1894 555 1959 P.
579 1895 600 1960 f.
624 1894 719 1960 Rullo
748 1895 828 1960 haec
851 1895 1022 1960 dicentem:
1053 1892 1098 1960 ‘et
1120 1893 1273 1960 videlicet
1295 1895 1453 1980 conlegas

302 2025 377 2068 suos
401 2001 616 2086 adscriptorcs
644 2001 726 2087 legia
750 2001 897 2086 agrariae
920 2022 986 2066 non
1009 1999 1206 2084 repudiabit,
1235 2002 1399 2086 equibus
1424 2002 1453 2066 ei

302 2109 391 2174 loeus
415 2109 537 2192 primus
561 2109 595 2173 in
617 2107 762 2192 indies*)
785 2111 818 2172 et
841 2109 874 2172 in
897 2107 1150 2193 praescriptione
1174 2107 1257 2192 legis
1278 2131 1454 2176 concessus

302 2214 373 2281 est'
418 2215 489 2282 Hos
513 2237 588 2282 vcro
613 2213 853 2300 ‘adscriptorcs’
881 2236 961 2298 quos
984 2215 1067 2280 elios
1089 2215 1156 2280 nisi
1178 2237 1234 2281 eos
1257 2215 1453 2300 interpreta-

303 2323 379 2387 bcre
403 2323 458 2406 qui
482 2327 611 2407 practer
630 2322 732 2406 illum,
755 2322 806 2386 cui
824 2321 947 2406 primus
965 2321 1055 2386 locus
1073 2343 1254 2405 concessus,
1277 2322 1453 2407 adscriptis

302 2429 487 2494 nominibus
512 2429 578 2494 suis
602 2428 728 2514 plebem
753 2429 792 2495 de
816 2428 948 2494 ferenda
974 2429 1047 2513 lege
1070 2429 1277 2514 rogaverint?
1314 2429 1452 2496 Brerius

392 2693 417 2760 *)
432 2695 489 2748 Hic
508 2694 626 2762 quaerat
644 2689 784 2761 quispiam
807 2692 948 2760 quomodo
968 2695 1100 2762 primus
1122 2695 1154 2747 in
1175 2693 1266 2748 indice
1290 2695 1365 2749 loeas
1389 2711 1452 2750 con·

304 2782 366 2836 cedi
384 2782 520 2852 potuerit,
549 2781 660 2851 quando
684 2785 900 2838 consentaneum
923 2785 979 2850 681,
1006 2785 1038 2837 ut
1057 2782 1192 2852 exemplis
1211 2785 1332 2850 utamur,
1359 2783 1451 2853 legem

305 2871 484 2940 Calpurniam
507 2871 553 2926 vel
572 2870 741 2940 Appuleiam
763 2889 820 2926 non
843 2871 900 2926 alio
923 2870 978 2926 nisi
1002 2871 1055 2927 tali
1077 2871 1169 2926 indica
1191 2870 1289 2926 fuisse:
1318 2871 1451 2930 10111-

305 2957 443 3012 PVRNIA
459 2988 465 3000 ·
480 2957 528 3012 DE
545 2989 551 3000 ·
568 2958 799 3013 RCPETVNDIS
833 2965 861 3015 61
888 2960 909 3014 L
921 2959 1118 3014 ·APPVLE1A
1131 2989 1136 3002 ·
1147 2959 1194 3014 DE
1206 2989 1212 3000 ·
1222 2959 1451 3016 MAIESTATE·

304 3045 458 3100 MINVTA.
496 3045 576 3102 Vnde
599 3063 655 3102 non
677 3046 762 3102 miror
789 3047 812 3102 si
836 3047 898 3116 quis
921 3047 1114 3126 neglegentius
1141 3047 1266 3104 locutum
1290 3048 1450 3106 Ciceronem

305 3133 377 3188 nihil
400 3133 455 3190 nisi
479 3135 531 3190 hoe
555 3135 675 3192 voluisse
697 3139 810 3207 arguat:
839 3155 857 3192 o
875 3137 973 3206 qarbrcr
996 3137 1022 3191 ci
1044 3137 1119 3192 loeus
1132 3138 1242 3214 primas
1264 3155 1294 3194 co
1313 3155 1452 3194 macerare

305 3229 343 3278 cat
361 3229 392 3278 ct
410 3229 435 3278 ct
452 3225 484 3278 r'n
502 3225 593 3280 indice
612 3231 637 3278 61
651 3227 761 3294 primus
779 3227 810 3280 in
824 3226 1042 3295 praescriptione
1056 3231 1211 3294 poneretur.
1245 3227 1350 3282 Varum
1368 3229 1451 3298 longe

303 3317 400 3369 tamen
417 3313 501 3368 aliter
518 3314 553 3368 da
573 3314 626 3369 hoc
644 3331 746 3384 genere
765 3315 943 3370 statuendum
961 3314 1080 3372 ridetur,
1109 3314 1252 3386 Cogitavit
1265 3317 1340 3372 anim
1356 3317 1451 3374 Cicero

304 3405 380 3460 haud
399 3403 483 3460 dubie
501 3404 537 3459 de
555 3402 659 3460 talibus
683 3404 780 3472 quales
802 3403 880 3479 fuere
899 3402 1247 3458 connatis-svavls
1269 3405 1314 3460 vel
1335 3404 1450 3462 CAECI-

306 3492 498 3548 LIA·DIDIA
525 3492 569 3548 vel
590 3491 947 3552 enters-corennum:
975 3509 1010 3546 nc
1029 3509 1062 3546 ax
1080 3491 1279 3562 imperatorum
1299 3497 1394 3550 aetate
1413 3497 1450 3550 L·

304 3579 1151 3636 MAM1L1AM-noscnln-panvcnnnnnaaiarisn
1164 3581 1317 3636 ·FABIAM
1334 3584 1390 3640 hue
1405 3584 1449 3639 ed·

305 3672 464 3726 seiseamnr.
497 3670 579 3724 Tales
599 3669 672 3724 enim
691 3669 767 3740 leges
786 3669 936 3740 adscriptis
955 3669 984 3724 in
1002 3669 1094 3724 indice
1112 3673 1273 3740 rogatorum
1292 3673 1450 3728 nominibus

306 3775 400 3814 carere
419 3757 533 3814 omnino
556 3776 611 3814 non
630 3761 794 3828 potuerunt:
821 3759 893 3814 unde
918 3759 990 3814 enim
1015 3758 1171 3814 binomines
1194 3775 1254 3814 esse
1277 3761 1451 3832 intellegere-

306 3851 369 3904 tur?
406 3845 510 3904 Contra
531 3863 550 3900 a
573 3847 689 3916 singulis
713 3847 872 3918 appellatae
896 3849 973 3919 leges
996 3847 1139 3920 adscnpto
1165 3848 1277 3904 nomina
1304 3865 1375 3920 opus
1399 3869 1451 3906 uon

305 3939 436 4006 habuere,
455 3937 559 4007 quippe
579 3937 653 4005 quod
672 3953 706 3992 cx
724 3953 766 4006 eo,
784 3956 803 3993 a
821 3954 876 4007 quo
893 3939 939 3994 lex
959 3938 1106 4005 ordiretur,
1129 3937 1239 3994 nomina
1259 3937 1327 3992 ratis
1346 3940 1451 4010 perspi-

306 4029 422 4082 ceretur.
460 4025 533 4082 Hine
551 4025 637 4098 igitur
656 4043 716 4082 essa
734 4028 878 4098 putamus,
905 4027 979 4096 quod
997 4027 1027 4081 in
1050 4027 1091 4082 eis
1114 4025 1164 4096 qui
1186 4025 1238 4082 soli
1255 4027 1340 4082 hodie
1359 4045 1451 4099 snper·

306 4114 386 4171 stitea
414 4117 479 4170 sunt
502 4116 596 4186 legum
617 4113 761 4171 Corneliae
786 4117 815 4170 et
833 4116 971 4172 Antoniae
995 4115 1133 4171 indicibus
1155 4114 1226 4170 nibil
1249 4119 1361 4186 praeter
1383 4117 1451 4172 11666

307 4204 509 4274 praescriptum
533 4207 587 4262 eet:
616 4203 795 4270 DE·XX·Q
822 4207 851 4259 et
872 4203 1334 4260 DE·TERMESI·PISID·MAI.
1373 4207 1450 4260 Vnde

306 4311 398 4348 rursus
417 4294 469 4348 hoo
488 4293 664 4363 perspicitur,
683 4293 718 4347 dc
737 4293 953 4349 Tharmcmibus
973 4294 1065 4364 legem
1084 4293 1164 4349 illam
1182 4311 1236 4350 non
1255 4309 1324 4362 8886,
1343 4293 1378 4349 dc
1397 4311 1450 4364 quo

306 4382 388 4438 facile
412 4381 551 4452 quispiam
575 4381 693 4452 cogitet,
722 4381 873 4438 Antoniam
897 4381 1054 4439 Corneliam
1082 4383 1199 4452 dietam,
1228 4381 1276 4438 aed
1298 4383 1450 4438 Antoniam

307 4469 478 4540 simpliciter.
