3080 5142
488 403 769 453 avranuuarrvu
793 405 815 451 1.
854 415 857 422 ¹
1162 383 1228 450 505

94 550 236 630 quantam
264 547 306 612 ab
336 569 363 611 a
382 546 456 632 391,
489 548 511 613 i.
529 569 555 613 e.
579 569 599 612 a
622 546 859 612 communicata
887 567 959 610 cum
987 545 1124 629 plebeiis
1154 566 1228 610 con·

95 653 180 718 sulari
202 654 371 740 dignitate,
394 655 435 718 ad
454 676 482 719 a.
497 655 562 720 433
580 654 680 741 fuisse
699 653 800 738 vides,
822 675 890 719 non
907 652 1124 718 consularium
1144 650 1225 716 mul·
1264 703 1267 708 ,

94 759 251 824 titudinem
274 760 348 825 inda
371 761 413 826 ab
437 783 466 824 a.
484 761 550 825 434
574 782 701 825 summa
723 759 942 826 consularium
967 757 1152 823 constantia
1175 779 1226 822 ex·

94 867 172 950 cipit,
200 867 272 932 fieri
300 867 354 932 vir
381 869 491 951 potest
521 867 600 953 quin
627 867 666 932 de
693 889 777 932 nova
807 868 879 951 lege
903 865 1013 950 aliqua
1036 865 1226 949 cogitemus,

94 995 147 1056 qua
167 973 251 1038 circa
273 973 355 1038 illud
378 973 485 1058 ipsum
508 979 636 1058 tempus
664 975 733 1039 lata
761 973 800 1038 ad
824 973 995 1057 pristinam
1019 972 1225 1036 severitatem

94 1079 247 1144 dictatoris
276 1080 397 1146 creatio
425 1085 578 1146 revocata
605 1080 664 1144 sit:
695 1081 785 1145 cuius
814 1079 895 1166 legis
927 1101 1003 1144 casu
1029 1077 1226 1142 factumest

94 1189 124 1248 ut
142 1187 259 1252 mentio
281 1186 375 1252 nulla
398 1191 537 1270 superet
582 1185 707 1253 Mansit
730 1189 838 1252 autem
867 1185 1097 1267 asserentes,
1127 1183 1155 1247 si
1182 1183 1224 1248 ab

95 1313 148 1356 uno
164 1291 200 1370 Q.
217 1292 396 1358 Hortensio
419 1293 496 1358 anni
515 1293 643 1358 circiter
656 1294 721 1358 467
742 1291 975 1376 discesseris*),
998 1291 1039 1355 ad
1056 1289 1100 1354 lu
1118 1289 1224 1355 Minu·
1238 1313 1300 1358 xm

95 1398 165 1462 cium
195 1421 254 1483 per
284 1400 449 1485 integrum
481 1400 657 1480 saeculum,
689 1403 767 1484 post
792 1398 1004 1464 Hortensium
1034 1419 1093 1484 per
1123 1419 1225 1462 annos

95 1504 247 1589 sexaginta
271 1505 428 1590 quinque:
450 1505 535 1570 uude
557 1505 721 1591 intellegis
744 1527 810 1571 non
828 1508 956 1570 tantum
974 1525 1048 1569 raro
1069 1504 1225 1588 exemplo,

94 1613 124 1674 ut
147 1610 330 1677 dicebamus
359 1633 470 1696 supra,
503 1611 560 1676 sed
586 1611 767 1696 rarissimo,
798 1611 898 1675 immo
930 1632 1036 1695 prope,
1065 1610 1225 1697 singulari

93 1739 148 1782 non
172 1718 376 1783 consularem
399 1717 576 1782 Minucium
605 1739 675 1782 esse
702 1717 893 1782 dictatorem
919 1716 1050 1783 dictum.
1099 1717 1226 1784 Licebit

94 1823 180 1908 igitur
201 1824 241 1889 de
266 1824 424 1909 singulari
443 1846 557 1889 caussa
580 1824 689 1909 aliqua
706 1828 776 1890 tem
795 1824 965 1889 insolentis
986 1824 1033 1888 rei
1052 1823 1224 1908 suspicari:

94 1931 169 1995 velut
190 1930 229 1995 de
258 1929 398 1996 factioso
426 1931 533 1996 studio
561 1929 729 2014 gentilicio
752 1927 795 1994 M.
814 1912 948 1994 Minucii
976 1929 1130 2013 consulis,
1160 1951 1224 2013 quo

94 2036 117 2099 is
140 2036 203 2102 sive
230 2040 349 2122 patruo
382 2038 450 2102 sive
477 2037 574 2102 fratri
605 2023 746 2121 patrueli
776 2035 1024 2121 gratificaretur:
1061 2059 1137 2100 nam
1169 2036 1224 2100 ille

94 2162 175 2224 quam
207 2143 348 2227 superbo
380 2143 674 2228 intemperantique
706 2141 836 2227 ingenio
865 2141 977 2225 fuerit,
1013 2142 1224 2227 quadriennio

94 2253 156 2329 post
176 2249 333 2336 magister
354 2250 500 2334 equitum
527 2249 608 2313 satis
632 2247 791 2332 probavit.
835 2245 971 2322 Qualem
995 2270 1144 2314 caussam
1167 2250 1224 2314 ubi

95 2354 186 2419 auimo
209 2354 451 2439 informaveris,
474 2355 555 2420 illud
578 2377 704 2440 quoque
728 2359 780 2418 sat
803 2355 937 2438 proclivi
960 2357 1146 2421 coniectura
1169 2357 1223 2421 ad-

95 2481 226 2544 sequare,
258 2461 451 2527 dictatorern
479 2461 556 2546 quid
583 2461 790 2546 potissimum
819 2461 957 2526 moverit
983 2467 1020 2527 ut
1042 2484 1101 2546 pro
1125 2463 1225 2548 legio-

94 2587 157 2629 num
178 2565 395 2632 Minuciarum
423 2568 527 2633 salute
556 2571 652 2652 atque
675 2567 908 2653 prosperitate,
941 2569 1068 2633 excluso
1092 2566 1127 2632 P.
1146 2567 1224 2634 Gor·

95 2671 158 2735 cclii
180 2675 335 2758 exercitu,
357 2678 471 2739 votum
495 2675 681 2757 susciperet.
709 2711 746 2720 -
773 2671 923 2739 Getarum
947 2675 1079 2740 Heracli
1101 2675 1222 2760 simpli·

95 2777 162 2842 citer
182 2783 292 2846 votnm
317 2781 374 2845 ille
396 2779 539 2846 faciebat
557 2802 616 2864 pro
634 2779 771 2845 victoria
792 2780 941 2865 militari,
964 2803 1023 2864 pro
1042 2803 1107 2866 qua
1125 2783 1222 2847 etiam

95 2885 230 2951 usitatim
256 2887 389 2953 Herculi
412 2886 528 2953 Victori
558 2886 706 2952 consules
732 2889 939 2969 praetoresve
972 2886 1113 2971 plurimi.
1158 2887 1223 2953 Vix

94 2995 187 3056 autem
209 2993 370 3079 estquod
393 3014 579 3059 moneamus
602 2992 693 3058 nullo
724 2994 974 3058 constructionis
998 2994 1126 3066 uinculo
1151 3017 1223 3060 cum

94 3095 154 3178 ipsu
174 3101 271 3166 titulo
294 3099 467 3185 principali
490 3099 656 3184 legionum
683 3121 834 3165 numeros
858 3100 1031 3185 contineri,
1059 3102 1115 3168 sed
1139 3125 1223 3168 seor-

95 3225 153 3268 sum
173 3205 208 3270 iu
230 3207 330 3274 latere
353 3205 536 3290 adscriptos
559 3227 630 3271 esse
653 3206 814 3272 consulite
837 3207 1044 3292 antiquitatis
1069 3208 1223 3291 simplici·

94 3311 158 3373 tate.
200 3312 286 3388 Quos
319 3313 468 3396 licuerat,
501 3312 530 3377 si
561 3310 738 3396 placuisset
770 3317 802 3378 et
834 3335 904 3378 mos
937 3315 1052 3379 aetatis
1086 3315 1223 3399 tulisset,
1352 3405 1357 3414 ι

95 3417 195 3482 catena
223 3419 256 3483 in
277 3419 342 3484 fine
370 3419 417 3484 sic
443 3421 585 3484 nectere:
618 3417 756 3483 VOVIT
773 3453 779 3467 ·
794 3418 880 3485 PRO
895 3454 902 3469 ·
918 3417 939 3484 le
954 3454 961 3469 ·
976 3419 992 3484 I
1006 3455 1014 3470 ·
1027 3419 1140 3485 XXVI
1172 3422 1222 3486 vel

95 3518 591 3591 peccavisti-XXVI
614 3524 682 3590 sive
705 3523 1027 3592 Plio-vlodoare
1051 3527 1160 3591 males.

169 3786 195 3854 ⁸)
213 3787 272 3842 Nisi
294 3786 369 3842 forte
391 3787 456 3842 huic
480 3789 600 3844 alterum
623 3790 782 3860 exemplum
809 3790 967 3846 addendum
995 3793 1038 3846 est
1062 3790 1109 3848 On.
1130 3791 1222 3846 Fulvii

96 3869 134 3924 Cn.
150 3872 168 3928 l.
186 3875 233 3933 Gn.
249 3894 275 3932 n.
295 3875 410 3931 Maximi
435 3875 592 3932 Centumali
615 3877 762 3933 dictatoris
790 3895 815 3956 u.
836 3883 901 3947 491,
930 3879 978 3934 sed
1000 3881 1111 3934 tantum
1136 3879 1221 3935 ‘clavi

96 3958 184 4028 figendi
201 3967 308 4021 camsa'
329 3965 410 4021 dicti:
429 3983 513 4035 quem
531 3967 645 4022 tametsi
664 3967 782 4022 eundem
801 3965 900 4021 baberi
919 3983 983 4022 cum
996 3966 1110 4022 consule
1129 3985 1153 4024 a.
1169 3973 1221 4024 456

95 4047 171 4119 uduo,
187 4053 280 4109 tamen
294 4054 388 4110 nescio
402 4072 437 4110 an
452 4055 625 4124 probabilius
641 4055 740 4110 abillo
761 4057 792 4112 ut
810 4055 897 4110 alium
911 4055 1075 4126 distinguas.
1091 4087 1124 4097 -
1143 4057 1222 4112 Alias

96 4139 214 4202 turudum
236 4142 361 4200 ciusdem
385 4143 493 4214 generis
518 4143 708 4200 dubitationes
732 4143 778 4198 bic
800 4144 931 4213 persequi
953 4144 1068 4214 longum
1097 4148 1147 4200 est.
1190 4147 1221 4200 ln

96 4229 247 4285 corbariam
265 4233 388 4302 partem,
406 4236 439 4287 ut
456 4231 511 4288 hoc
528 4234 599 4301 utar,
620 4231 698 4288 valet
715 4233 790 4302 quod
810 4249 909 4287 causas
927 4249 982 4287 non
1000 4237 1120 4303 apparet
1138 4252 1186 4288 cur
1204 4252 1222 4290 a

96 4316 194 4372 consule
216 4319 283 4374 anni
300 4325 352 4376 402
375 4319 501 4375 diversus
524 4321 638 4390 putetur
660 4319 794 4390 magister
816 4319 941 4389 equitum
965 4321 1030 4376 anni
1049 4326 1101 4374 422
1125 4322 1154 4376 P.
1166 4323 1220 4378 Va-

95 4397 166 4546 lleLriua
181 4405 341 4548 ΙΙζορὶίοοὶιι,
373 4409 418 4466 vel
441 4425 459 4464 a
480 4426 536 4466 cos.
559 4427 585 4465 a.
604 4413 655 4466 007
682 4425 756 4482 mag.
779 4427 823 4482 eq.
847 4425 872 4465 a.
892 4416 944 4465 030
957 4401 1001 4467 N.
1020 4407 1123 4465 Fabius
1145 4410 1182 4466 Μ.
1202 4411 1221 4466 t.

139 4509 164 4546 n.
203 4497 279 4550 uteo.
