<?xml version="1.0" encoding="UTF-8"?>
<!DOCTYPE html PUBLIC "-//W3C//DTD XHTML 1.0 Transitional//EN"
    "http://www.w3.org/TR/xhtml1/DTD/xhtml1-transitional.dtd">
<html xmlns="http://www.w3.org/1999/xhtml" xml:lang="en" lang="en">
 <head>
  <title>
</title>
<meta http-equiv="Content-Type" content="text/html;charset=utf-8" />
  <meta name='ocr-system' content='tesseract 3.04.00' />
  <meta name='ocr-capabilities' content='ocr_page ocr_carea ocr_par ocr_line ocrx_word'/>
</head>
<body>
  <div class='ocr_page' id='page_1' title='image "./fridericiritsch03wachgoog/fridericiritsch03wachgoog_0301.png"; bbox 0 0 3062 5142; ppageno 0'>
   <div class='ocr_carea' id='block_1_1' title="bbox 316 393 1139 458">
    <p class='ocr_par' dir='ltr' id='par_1_1' title="bbox 316 393 1139 458">
     <span class='ocr_line' id='line_1_1' title="bbox 316 393 1139 458; baseline 0.002 -2"><span class='ocrx_word' id='word_1_1' title='bbox 316 393 382 456; x_wconf 74' lang='lat'>276</span> <span class='ocrx_word' id='word_1_2' title='bbox 633 409 681 456; x_wconf 84' lang='lat' dir='ltr'>on</span> <span class='ocrx_word' id='word_1_3' title='bbox 706 409 902 458; x_wconf 79' lang='lat' dir='ltr'>urorrnrnvs</span> <span class='ocrx_word' id='word_1_4' title='bbox 926 409 1139 458; x_wconf 77' lang='lat' dir='ltr'>nrrranams</span> 
     </span>
    </p>
   </div>
   <div class='ocr_carea' id='block_1_2' title="bbox 316 549 1471 723">
    <p class='ocr_par' dir='ltr' id='par_1_2' title="bbox 316 549 1471 723">
     <span class='ocr_line' id='line_1_2' title="bbox 317 549 1471 636; baseline -0.001 -20"><span class='ocrx_word' id='word_1_5' title='bbox 317 549 414 616; x_wconf 78' lang='lat' dir='ltr'>‘hcm&#39;</span> <span class='ocrx_word' id='word_1_6' title='bbox 437 552 612 636; x_wconf 85' lang='lat' dir='ltr'>particula,</span> <span class='ocrx_word' id='word_1_7' title='bbox 635 553 757 618; x_wconf 83' lang='lat' dir='ltr'>omissa</span> <span class='ocrx_word' id='word_1_8' title='bbox 780 575 799 616; x_wconf 91' lang='lat' dir='ltr'>a</span> <span class='ocrx_word' id='word_1_9' title='bbox 822 551 973 618; x_wconf 86' lang='lat' dir='ltr'>Bembini</span> <span class='ocrx_word' id='word_1_10' title='bbox 1001 551 1120 617; x_wconf 87' lang='lat' dir='ltr'>codicis</span> <span class='ocrx_word' id='word_1_11' title='bbox 1142 573 1240 616; x_wconf 86' lang='lat' dir='ltr'>manu</span> <span class='ocrx_word' id='word_1_12' title='bbox 1263 551 1394 634; x_wconf 85' lang='lat' dir='ltr'>prima,</span> <span class='ocrx_word' id='word_1_13' title='bbox 1423 555 1471 615; x_wconf 90' lang='lat' dir='ltr'>ta·</span> 
     </span>
     <span class='ocr_line' id='line_1_3' title="bbox 316 657 678 723; baseline 0.006 -3"><span class='ocrx_word' id='word_1_14' title='bbox 316 657 381 722; x_wconf 88' lang='lat' dir='ltr'>lem</span> <span class='ocrx_word' id='word_1_15' title='bbox 405 678 533 723; x_wconf 80' lang='lat' dir='ltr'>versum</span> <span class='ocrx_word' id='word_1_16' title='bbox 557 658 678 723; x_wconf 89' lang='lat' dir='ltr'>ederet:</span> 
     </span>
    </p>
   </div>
   <div class='ocr_carea' id='block_1_3' title="bbox 317 797 1471 885">
    <p class='ocr_par' dir='ltr' id='par_1_3' title="bbox 317 797 1471 885">
     <span class='ocr_line' id='line_1_4' title="bbox 317 797 1471 885; baseline -0.001 -20"><span class='ocrx_word' id='word_1_17' title='bbox 317 797 476 883; x_wconf 83' lang='lat' dir='ltr'>Oapiebat</span> <span class='ocrx_word' id='word_1_18' title='bbox 495 801 617 865; x_wconf 90' lang='lat' dir='ltr'>statim.</span> <span class='ocrx_word' id='word_1_19' title='bbox 640 799 881 884; x_wconf 88' lang='lat' dir='ltr'>hem‚u1‘ruiro</span> <span class='ocrx_word' id='word_1_20' title='bbox 901 800 977 885; x_wconf 89' lang='lat' dir='ltr'>quid</span> <span class='ocrx_word' id='word_1_21' title='bbox 997 799 1162 882; x_wconf 73' lang='lat' dir='ltr'>praestat?</span> <span class='ocrx_word' id='word_1_22' title='bbox 1190 799 1305 864; x_wconf 86' lang='lat' dir='ltr'>Binan’</span> <span class='ocrx_word' id='word_1_23' title='bbox 1323 799 1471 884; x_wconf 74' lang='lat' dir='ltr'>quae&#39;so?</span> 
     </span>
    </p>
   </div>
   <div class='ocr_carea' id='block_1_4' title="bbox 314 941 1472 1859">
    <p class='ocr_par' dir='ltr' id='par_1_4' title="bbox 314 941 1472 1859">
     <span class='ocr_line' id='line_1_5' title="bbox 315 941 1472 1027; baseline 0.001 -22"><span class='ocrx_word' id='word_1_24' title='bbox 315 962 391 1005; x_wconf 87' lang='lat' dir='ltr'>uam</span> <span class='ocrx_word' id='word_1_25' title='bbox 414 941 513 1006; x_wconf 86' lang='lat' dir='ltr'>etiam</span> <span class='ocrx_word' id='word_1_26' title='bbox 533 965 609 1008; x_wconf 89' lang='lat' dir='ltr'>casu</span> <span class='ocrx_word' id='word_1_27' title='bbox 629 941 699 1006; x_wconf 94' lang='lat' dir='ltr'>solo</span> <span class='ocrx_word' id='word_1_28' title='bbox 718 964 738 1006; x_wconf 91' lang='lat' dir='ltr'>a</span> <span class='ocrx_word' id='word_1_29' title='bbox 755 942 902 1027; x_wconf 82' lang='lat' dir='ltr'>principe</span> <span class='ocrx_word' id='word_1_30' title='bbox 920 941 1056 1007; x_wconf 91' lang='lat' dir='ltr'>librario</span> <span class='ocrx_word' id='word_1_31' title='bbox 1074 942 1307 1024; x_wconf 86' lang='lat' dir='ltr'>praetermissa</span> <span class='ocrx_word' id='word_1_32' title='bbox 1327 943 1472 1007; x_wconf 86' lang='lat' dir='ltr'>secunda</span> 
     </span>
     <span class='ocr_line' id='line_1_6' title="bbox 315 1047 1471 1131; baseline 0.002 -19"><span class='ocrx_word' id='word_1_33' title='bbox 315 1049 349 1112; x_wconf 93' lang='lat' dir='ltr'>in</span> <span class='ocrx_word' id='word_1_34' title='bbox 381 1049 439 1114; x_wconf 90' lang='lat' dir='ltr'>illo</span> <span class='ocrx_word' id='word_1_35' title='bbox 469 1049 553 1115; x_wconf 90' lang='lat' dir='ltr'>libro</span> <span class='ocrx_word' id='word_1_36' title='bbox 585 1071 700 1114; x_wconf 88' lang='lat' dir='ltr'>manus</span> <span class='ocrx_word' id='word_1_37' title='bbox 733 1049 858 1114; x_wconf 76' lang='lat' dir='ltr'>addidit</span> <span class='ocrx_word' id='word_1_38' title='bbox 889 1048 975 1114; x_wconf 87' lang='lat' dir='ltr'>haud</span> <span class='ocrx_word' id='word_1_39' title='bbox 1007 1047 1087 1113; x_wconf 88' lang='lat' dir='ltr'>adeo</span> <span class='ocrx_word' id='word_1_40' title='bbox 1119 1069 1232 1131; x_wconf 81' lang='lat' dir='ltr'>pauca</span> <span class='ocrx_word' id='word_1_41' title='bbox 1282 1049 1313 1114; x_wconf 82' lang='lat' dir='ltr'>A</span> <span class='ocrx_word' id='word_1_42' title='bbox 1345 1050 1471 1115; x_wconf 90' lang='lat' dir='ltr'>talibus</span> 
     </span>
     <span class='ocr_line' id='line_1_7' title="bbox 314 1153 1472 1240; baseline 0.001 -21"><span class='ocrx_word' id='word_1_43' title='bbox 314 1153 417 1239; x_wconf 79' lang='lat' dir='ltr'>igitur</span> <span class='ocrx_word' id='word_1_44' title='bbox 445 1155 615 1239; x_wconf 87' lang='lat' dir='ltr'>exemplis,</span> <span class='ocrx_word' id='word_1_45' title='bbox 648 1156 743 1240; x_wconf 89' lang='lat' dir='ltr'>quale</span> <span class='ocrx_word' id='word_1_46' title='bbox 771 1155 833 1221; x_wconf 90' lang='lat' dir='ltr'>hoc</span> <span class='ocrx_word' id='word_1_47' title='bbox 862 1159 913 1220; x_wconf 87' lang='lat' dir='ltr'>est</span> <span class='ocrx_word' id='word_1_48' title='bbox 935 1154 1166 1220; x_wconf 79' lang='lat' dir='ltr'>Terentianum</span> <span class='ocrx_word' id='word_1_49' title='bbox 1191 1160 1225 1221; x_wconf 87' lang='lat' dir='ltr'>ot</span> <span class='ocrx_word' id='word_1_50' title='bbox 1246 1156 1330 1221; x_wconf 90' lang='lat' dir='ltr'>illud</span> <span class='ocrx_word' id='word_1_51' title='bbox 1358 1157 1472 1220; x_wconf 79' lang='lat' dir='ltr'>Accia-</span> 
     </span>
     <span class='ocr_line' id='line_1_8' title="bbox 314 1261 1472 1348; baseline 0.003 -24"><span class='ocrx_word' id='word_1_52' title='bbox 314 1283 405 1345; x_wconf 87' lang='lat' dir='ltr'>num,</span> <span class='ocrx_word' id='word_1_53' title='bbox 435 1261 598 1344; x_wconf 87' lang='lat' dir='ltr'>profectcs</span> <span class='ocrx_word' id='word_1_54' title='bbox 627 1284 697 1328; x_wconf 89' lang='lat' dir='ltr'>esse</span> <span class='ocrx_word' id='word_1_55' title='bbox 725 1262 876 1327; x_wconf 87' lang='lat' dir='ltr'>credibile</span> <span class='ocrx_word' id='word_1_56' title='bbox 905 1266 955 1327; x_wconf 88' lang='lat' dir='ltr'>est</span> <span class='ocrx_word' id='word_1_57' title='bbox 982 1262 1051 1347; x_wconf 82' lang='lat' dir='ltr'>qui,</span> <span class='ocrx_word' id='word_1_58' title='bbox 1082 1263 1138 1328; x_wconf 90' lang='lat' dir='ltr'>ubi</span> <span class='ocrx_word' id='word_1_59' title='bbox 1166 1263 1300 1348; x_wconf 80' lang='lat' dir='ltr'>longam</span> <span class='ocrx_word' id='word_1_60' title='bbox 1329 1263 1472 1328; x_wconf 88' lang='lat' dir='ltr'>baberet</span> 
     </span>
     <span class='ocr_line' id='line_1_9' title="bbox 314 1367 1472 1454; baseline -0.001 -21"><span class='ocrx_word' id='word_1_61' title='bbox 314 1368 549 1451; x_wconf 72' lang='lat' dir='ltr'>paenultimam</span> <span class='ocrx_word' id='word_1_62' title='bbox 578 1370 726 1453; x_wconf 85' lang='lat' dir='ltr'>statim,</span> <span class='ocrx_word' id='word_1_63' title='bbox 753 1391 819 1434; x_wconf 92' lang='lat' dir='ltr'>uon</span> <span class='ocrx_word' id='word_1_64' title='bbox 843 1369 1026 1454; x_wconf 81' lang='lat' dir='ltr'>significare</span> <span class='ocrx_word' id='word_1_65' title='bbox 1050 1367 1161 1452; x_wconf 75' lang='lat' dir='ltr'>‘ilico’,</span> <span class='ocrx_word' id='word_1_66' title='bbox 1176 1369 1249 1433; x_wconf 79' lang='lat' dir='ltr'>&#39;sed</span> <span class='ocrx_word' id='word_1_67' title='bbox 1274 1369 1418 1434; x_wconf 84' lang='lat' dir='ltr'>‘statute</span> <span class='ocrx_word' id='word_1_68' title='bbox 1441 1373 1472 1432; x_wconf 89' lang='lat' dir='ltr'>et</span> 
     </span>
     <span class='ocr_line' id='line_1_10' title="bbox 315 1474 1470 1561; baseline 0.002 -23"><span class='ocrx_word' id='word_1_69' title='bbox 315 1474 474 1558; x_wconf 86' lang='lat' dir='ltr'>ordinate,</span> <span class='ocrx_word' id='word_1_70' title='bbox 501 1479 657 1559; x_wconf 88' lang='lat' dir='ltr'>perpetuo</span> <span class='ocrx_word' id='word_1_71' title='bbox 682 1479 715 1540; x_wconf 91' lang='lat' dir='ltr'>et</span> <span class='ocrx_word' id='word_1_72' title='bbox 736 1476 924 1561; x_wconf 87' lang='lat' dir='ltr'>aequaliter,</span> <span class='ocrx_word' id='word_1_73' title='bbox 951 1475 1207 1559; x_wconf 88' lang='lat' dir='ltr'>perseveranter’</span> <span class='ocrx_word' id='word_1_74' title='bbox 1235 1481 1268 1540; x_wconf 90' lang='lat' dir='ltr'>ct</span> <span class='ocrx_word' id='word_1_75' title='bbox 1296 1476 1470 1540; x_wconf 86' lang='lat' dir='ltr'>observas·</span> 
     </span>
     <span class='ocr_line' id='line_1_11' title="bbox 316 1581 1470 1667; baseline 0.002 -23"><span class='ocrx_word' id='word_1_76' title='bbox 316 1583 387 1645; x_wconf 90' lang='lat' dir='ltr'>sent</span> <span class='ocrx_word' id='word_1_77' title='bbox 409 1585 443 1644; x_wconf 90' lang='lat' dir='ltr'>et</span> <span class='ocrx_word' id='word_1_78' title='bbox 470 1581 630 1646; x_wconf 86' lang='lat' dir='ltr'>docerent</span> <span class='ocrx_word' id='word_1_79' title='bbox 676 1583 784 1667; x_wconf 82' lang='lat' dir='ltr'>Atque</span> <span class='ocrx_word' id='word_1_80' title='bbox 812 1604 884 1646; x_wconf 90' lang='lat' dir='ltr'>eam</span> <span class='ocrx_word' id='word_1_81' title='bbox 912 1581 1093 1646; x_wconf 72' lang='lat' dir='ltr'>doctrinam</span> <span class='ocrx_word' id='word_1_82' title='bbox 1121 1603 1254 1665; x_wconf 88' lang='lat' dir='ltr'>prorsus</span> <span class='ocrx_word' id='word_1_83' title='bbox 1283 1583 1470 1662; x_wconf 78' lang='lat' dir='ltr'>confirmat</span> 
     </span>
     <span class='ocr_line' id='line_1_12' title="bbox 316 1686 1471 1774; baseline 0.002 -24"><span class='ocrx_word' id='word_1_84' title='bbox 316 1708 411 1770; x_wconf 89' lang='lat' dir='ltr'>quem</span> <span class='ocrx_word' id='word_1_85' title='bbox 435 1687 520 1752; x_wconf 91' lang='lat' dir='ltr'>miro</span> <span class='ocrx_word' id='word_1_86' title='bbox 543 1687 662 1753; x_wconf 90' lang='lat' dir='ltr'>iudicio</span> <span class='ocrx_word' id='word_1_87' title='bbox 685 1689 831 1774; x_wconf 82' lang='lat' dir='ltr'>vulgaris</span> <span class='ocrx_word' id='word_1_88' title='bbox 853 1689 996 1754; x_wconf 89' lang='lat' dir='ltr'>notionis</span> <span class='ocrx_word' id='word_1_89' title='bbox 1019 1691 1136 1753; x_wconf 87' lang='lat' dir='ltr'>testem</span> <span class='ocrx_word' id='word_1_90' title='bbox 1155 1686 1293 1754; x_wconf 83' lang='lat' dir='ltr'>Vossius</span> <span class='ocrx_word' id='word_1_91' title='bbox 1318 1689 1471 1773; x_wconf 74' lang='lat' dir='ltr'>protulit,</span> 
     </span>
     <span class='ocr_line' id='line_1_13' title="bbox 315 1791 1398 1859; baseline 0 -3"><span class='ocrx_word' id='word_1_92' title='bbox 315 1791 458 1858; x_wconf 86' lang='lat' dir='ltr'>Avienus</span> <span class='ocrx_word' id='word_1_93' title='bbox 482 1794 517 1857; x_wconf 88' lang='lat' dir='ltr'>in</span> <span class='ocrx_word' id='word_1_94' title='bbox 540 1794 744 1859; x_wconf 77' lang='lat' dir='ltr'>enarratione</span> <span class='ocrx_word' id='word_1_95' title='bbox 767 1793 1018 1858; x_wconf 86' lang='lat' dir='ltr'>Phaenomcnon</span> <span class='ocrx_word' id='word_1_96' title='bbox 1043 1792 1237 1858; x_wconf 83' lang='lat' dir='ltr'>Aratcorum</span> <span class='ocrx_word' id='word_1_97' title='bbox 1262 1815 1292 1857; x_wconf 85' lang='lat' dir='ltr'>r.</span> <span class='ocrx_word' id='word_1_98' title='bbox 1310 1793 1398 1858; x_wconf 85' lang='lat'><strong>398:</strong></span> 
     </span>
    </p>
   </div>
   <div class='ocr_carea' id='block_1_5' title="bbox 449 1934 1326 2107">
    <p class='ocr_par' dir='ltr' id='par_1_5' title="bbox 449 1934 1326 2107">
     <span class='ocr_line' id='line_1_14' title="bbox 449 1934 1326 2020; baseline -0.001 -20"><span class='ocrx_word' id='word_1_99' title='bbox 449 1935 539 2000; x_wconf 84' lang='lat' dir='ltr'>Tunc</span> <span class='ocrx_word' id='word_1_100' title='bbox 563 1936 688 2002; x_wconf 86' lang='lat' dir='ltr'>succisa</span> <span class='ocrx_word' id='word_1_101' title='bbox 712 1934 809 2002; x_wconf 86' lang='lat' dir='ltr'>Ocres</span> <span class='ocrx_word' id='word_1_102' title='bbox 833 1935 946 2000; x_wconf 88' lang='lat' dir='ltr'>statim</span> <span class='ocrx_word' id='word_1_103' title='bbox 969 1957 1042 2000; x_wconf 90' lang='lat' dir='ltr'>cum</span> <span class='ocrx_word' id='word_1_104' title='bbox 1065 1934 1202 2020; x_wconf 82' lang='lat' dir='ltr'>mergite</span> <span class='ocrx_word' id='word_1_105' title='bbox 1225 1935 1326 1999; x_wconf 91' lang='lat' dir='ltr'>culmi</span> 
     </span>
     <span class='ocr_line' id='line_1_15' title="bbox 450 2039 671 2107; baseline 0 -1"><span class='ocrx_word' id='word_1_106' title='bbox 450 2039 671 2107; x_wconf 77' lang='lat' dir='ltr'>Construitur:</span> 
     </span>
    </p>
   </div>
   <div class='ocr_carea' id='block_1_6' title="bbox 316 2179 1467 2694">
    <p class='ocr_par' dir='ltr' id='par_1_6' title="bbox 316 2179 1467 2694">
     <span class='ocr_line' id='line_1_16' title="bbox 316 2179 1466 2268; baseline -0.002 -20"><span class='ocrx_word' id='word_1_107' title='bbox 316 2184 373 2249; x_wconf 92' lang='lat' dir='ltr'>ubi</span> <span class='ocrx_word' id='word_1_108' title='bbox 396 2183 578 2267; x_wconf 85' lang='lat' dir='ltr'>manipulos</span> <span class='ocrx_word' id='word_1_109' title='bbox 602 2184 741 2268; x_wconf 82' lang='lat' dir='ltr'>cogitari</span> <span class='ocrx_word' id='word_1_110' title='bbox 765 2188 854 2249; x_wconf 88' lang='lat' dir='ltr'>certo</span> <span class='ocrx_word' id='word_1_111' title='bbox 878 2183 990 2249; x_wconf 79' lang='lat' dir='ltr'>ordine</span> <span class='ocrx_word' id='word_1_112' title='bbox 1014 2183 1199 2249; x_wconf 90' lang='lat' dir='ltr'>conlocatos</span> <span class='ocrx_word' id='word_1_113' title='bbox 1223 2193 1373 2267; x_wconf 79' lang='lat' dir='ltr'>apparet</span> <span class='ocrx_word' id='word_1_114' title='bbox 1407 2179 1466 2246; x_wconf 82' lang='lat' dir='ltr'>Sed</span> 
     </span>
     <span class='ocr_line' id='line_1_17' title="bbox 318 2289 1467 2376; baseline -0.003 -22"><span class='ocrx_word' id='word_1_115' title='bbox 318 2290 449 2355; x_wconf 87' lang='lat' dir='ltr'>eosdem</span> <span class='ocrx_word' id='word_1_116' title='bbox 472 2291 705 2376; x_wconf 79' lang='lat' dir='ltr'>grammaticos</span> <span class='ocrx_word' id='word_1_117' title='bbox 732 2311 824 2375; x_wconf 83' lang='lat' dir='ltr'>nego,</span> <span class='ocrx_word' id='word_1_118' title='bbox 852 2291 1046 2374; x_wconf 89' lang='lat' dir='ltr'>ubicumque</span> <span class='ocrx_word' id='word_1_119' title='bbox 1074 2289 1289 2374; x_wconf 79' lang='lat' dir='ltr'>corriperetur</span> <span class='ocrx_word' id='word_1_120' title='bbox 1316 2290 1467 2370; x_wconf 88' lang='lat' dir='ltr'>statim,</span> 
     </span>
     <span class='ocr_line' id='line_1_18' title="bbox 316 2395 1465 2481; baseline -0.001 -20"><span class='ocrx_word' id='word_1_121' title='bbox 316 2396 497 2462; x_wconf 86' lang='lat' dir='ltr'>necessario</span> <span class='ocrx_word' id='word_1_122' title='bbox 517 2396 633 2464; x_wconf 82' lang='lat' dir='ltr'>,valere</span> <span class='ocrx_word' id='word_1_123' title='bbox 662 2395 759 2463; x_wconf 81' lang='lat' dir='ltr'>‘ilico&#39;</span> <span class='ocrx_word' id='word_1_124' title='bbox 786 2396 973 2461; x_wconf 86' lang='lat' dir='ltr'>tradidisse:</span> <span class='ocrx_word' id='word_1_125' title='bbox 1010 2398 1101 2461; x_wconf 91' lang='lat' dir='ltr'>cuius</span> <span class='ocrx_word' id='word_1_126' title='bbox 1133 2396 1263 2481; x_wconf 91' lang='lat' dir='ltr'>quidem</span> <span class='ocrx_word' id='word_1_127' title='bbox 1295 2415 1465 2461; x_wconf 77' lang='lat' dir='ltr'>mensurae</span> 
     </span>
     <span class='ocr_line' id='line_1_19' title="bbox 316 2501 1465 2588; baseline -0.002 -21"><span class='ocrx_word' id='word_1_128' title='bbox 316 2503 380 2568; x_wconf 87' lang='lat' dir='ltr'>fuit</span> <span class='ocrx_word' id='word_1_129' title='bbox 401 2508 539 2588; x_wconf 88' lang='lat' dir='ltr'>utraque</span> <span class='ocrx_word' id='word_1_130' title='bbox 559 2504 756 2588; x_wconf 81' lang='lat' dir='ltr'>significatio</span> <span class='ocrx_word' id='word_1_131' title='bbox 776 2504 964 2569; x_wconf 89' lang='lat' dir='ltr'>communis.</span> <span class='ocrx_word' id='word_1_132' title='bbox 996 2501 1198 2568; x_wconf 87' lang='lat' dir='ltr'>Firmissimo</span> <span class='ocrx_word' id='word_1_133' title='bbox 1218 2502 1250 2567; x_wconf 92' lang='lat' dir='ltr'>id</span> <span class='ocrx_word' id='word_1_134' title='bbox 1269 2506 1465 2587; x_wconf 76' lang='lat' dir='ltr'>argumento</span> 
     </span>
     <span class='ocr_line' id='line_1_20' title="bbox 317 2608 1165 2694; baseline 0 -20"><span class='ocrx_word' id='word_1_135' title='bbox 317 2609 568 2693; x_wconf 77' lang='lat' dir='ltr'>Amphitruonis</span> <span class='ocrx_word' id='word_1_136' title='bbox 591 2609 648 2674; x_wconf 91' lang='lat' dir='ltr'>illo</span> <span class='ocrx_word' id='word_1_137' title='bbox 673 2631 767 2673; x_wconf 89' lang='lat' dir='ltr'>versu</span> <span class='ocrx_word' id='word_1_138' title='bbox 790 2609 993 2694; x_wconf 83' lang='lat' dir='ltr'>intellegitur</span> <span class='ocrx_word' id='word_1_139' title='bbox 1015 2608 1040 2693; x_wconf 81' lang='grc' dir='ltr'>Ι,</span> <span class='ocrx_word' id='word_1_140' title='bbox 1061 2611 1089 2693; x_wconf 91' lang='lat'>1,</span> <span class='ocrx_word' id='word_1_141' title='bbox 1109 2609 1165 2674; x_wconf 83' lang='lat'>84:</span> 
     </span>
    </p>
   </div>
   <div class='ocr_carea' id='block_1_7' title="bbox 498 2745 1268 2942">
    <p class='ocr_par' dir='ltr' id='par_1_7' title="bbox 498 2745 1268 2942">
     <span class='ocr_line' id='line_1_21' title="bbox 498 2745 1246 2835; baseline 0.004 -23"><span class='ocrx_word' id='word_1_142' title='bbox 498 2745 546 2812; x_wconf 92' lang='lat' dir='ltr'>&#39;In</span> <span class='ocrx_word' id='word_1_143' title='bbox 569 2749 680 2835; x_wconf 81' lang='lat' dir='ltr'>lugam</span> <span class='ocrx_word' id='word_1_144' title='bbox 705 2752 760 2817; x_wconf 87' lang='lat' dir='ltr'>se&#39;d</span> <span class='ocrx_word' id='word_1_145' title='bbox 783 2755 893 2816; x_wconf 87' lang='lat' dir='ltr'>tamen</span> <span class='ocrx_word' id='word_1_146' title='bbox 916 2752 1011 2816; x_wconf 71' lang='lat' dir='ltr'>ndmo</span> <span class='ocrx_word' id='word_1_147' title='bbox 1035 2751 1246 2835; x_wconf 77' lang='lat' dir='ltr'>conmittitur,</span> 
     </span>
     <span class='ocr_line' id='line_1_22' title="bbox 499 2855 1268 2942; baseline 0.004 -22"><span class='ocrx_word' id='word_1_148' title='bbox 499 2855 568 2920; x_wconf 76' lang='lat' dir='ltr'>Nec</span> <span class='ocrx_word' id='word_1_149' title='bbox 591 2857 713 2922; x_wconf 83' lang='lat' dir='ltr'>recedit</span> <span class='ocrx_word' id='word_1_150' title='bbox 735 2859 807 2925; x_wconf 88' lang='lat' dir='ltr'>loco</span> <span class='ocrx_word' id='word_1_151' title='bbox 831 2857 910 2942; x_wconf 88' lang='lat' dir='ltr'>qur&#39;n</span> <span class='ocrx_word' id='word_1_152' title='bbox 934 2858 1046 2923; x_wconf 90' lang='lat' dir='ltr'>statim</span> <span class='ocrx_word' id='word_1_153' title='bbox 1069 2859 1138 2922; x_wconf 72' lang='lat' dir='ltr'>rem</span> <span class='ocrx_word' id='word_1_154' title='bbox 1162 2863 1268 2942; x_wconf 81' lang='lat' dir='ltr'>gerat:</span> 
     </span>
    </p>
   </div>
   <div class='ocr_carea' id='block_1_8' title="bbox 282 2996 1462 4468">
    <p class='ocr_par' dir='ltr' id='par_1_8' title="bbox 282 2996 1462 4468">
     <span class='ocr_line' id='line_1_23' title="bbox 318 2996 1461 3086; baseline 0 -25"><span class='ocrx_word' id='word_1_155' title='bbox 318 2997 374 3061; x_wconf 90' lang='lat' dir='ltr'>ubi</span> <span class='ocrx_word' id='word_1_156' title='bbox 398 2996 533 3061; x_wconf 88' lang='lat' dir='ltr'>creticos</span> <span class='ocrx_word' id='word_1_157' title='bbox 557 3019 708 3063; x_wconf 90' lang='lat' dir='ltr'>numeros</span> <span class='ocrx_word' id='word_1_158' title='bbox 731 3000 849 3063; x_wconf 80' lang='lat' dir='ltr'>&#39;misere</span> <span class='ocrx_word' id='word_1_159' title='bbox 873 3002 1059 3082; x_wconf 89' lang='lat' dir='ltr'>corrumpat</span> <span class='ocrx_word' id='word_1_160' title='bbox 1079 2999 1135 3082; x_wconf 91' lang='lat' dir='ltr'>qui</span> <span class='ocrx_word' id='word_1_161' title='bbox 1159 3000 1294 3065; x_wconf 76' lang='lat' dir='ltr'>statim</span> <span class='ocrx_word' id='word_1_162' title='bbox 1322 3021 1461 3086; x_wconf 91' lang='lat' dir='ltr'>pronun·</span> 
     </span>
     <span class='ocr_line' id='line_1_24' title="bbox 318 3102 1462 3190; baseline 0.003 -25"><span class='ocrx_word' id='word_1_163' title='bbox 318 3102 386 3166; x_wconf 89' lang='lat' dir='ltr'>tiet.</span> <span class='ocrx_word' id='word_1_164' title='bbox 432 3102 547 3187; x_wconf 88' lang='lat' dir='ltr'>Itaque</span> <span class='ocrx_word' id='word_1_165' title='bbox 571 3103 656 3188; x_wconf 91' lang='lat' dir='ltr'>apud</span> <span class='ocrx_word' id='word_1_166' title='bbox 678 3104 822 3170; x_wconf 91' lang='lat' dir='ltr'>Nonium</span> <span class='ocrx_word' id='word_1_167' title='bbox 846 3105 1085 3188; x_wconf 85' lang='lat' dir='ltr'>conglutinatas</span> <span class='ocrx_word' id='word_1_168' title='bbox 1109 3126 1179 3169; x_wconf 86' lang='lat' dir='ltr'>esse</span> <span class='ocrx_word' id='word_1_169' title='bbox 1198 3105 1277 3169; x_wconf 90' lang='lat' dir='ltr'>duas</span> <span class='ocrx_word' id='word_1_170' title='bbox 1301 3105 1462 3190; x_wconf 85' lang='lat' dir='ltr'>antiquio·</span> 
     </span>
     <span class='ocr_line' id='line_1_25' title="bbox 319 3208 1461 3296; baseline 0.003 -24"><span class='ocrx_word' id='word_1_171' title='bbox 319 3231 390 3272; x_wconf 91' lang='lat' dir='ltr'>rum</span> <span class='ocrx_word' id='word_1_172' title='bbox 411 3208 639 3294; x_wconf 86' lang='lat' dir='ltr'>magistrorum</span> <span class='ocrx_word' id='word_1_173' title='bbox 660 3211 902 3276; x_wconf 87' lang='lat' dir='ltr'>observationes</span> <span class='ocrx_word' id='word_1_174' title='bbox 922 3210 1085 3284; x_wconf 78' lang='lat' dir='ltr'>existimo:</span> <span class='ocrx_word' id='word_1_175' title='bbox 1109 3210 1246 3276; x_wconf 90' lang='lat' dir='ltr'>alteram</span> <span class='ocrx_word' id='word_1_176' title='bbox 1269 3212 1365 3296; x_wconf 86' lang='lat' dir='ltr'>hauc,</span> <span class='ocrx_word' id='word_1_177' title='bbox 1388 3216 1461 3276; x_wconf 88' lang='lat' dir='ltr'>sta·</span> 
     </span>
     <span class='ocr_line' id='line_1_26' title="bbox 318 3314 1461 3404; baseline -0.002 -24"><span class='ocrx_word' id='word_1_178' title='bbox 318 3314 390 3380; x_wconf 91' lang='lat' dir='ltr'>tim</span> <span class='ocrx_word' id='word_1_179' title='bbox 413 3315 468 3380; x_wconf 90' lang='lat' dir='ltr'>ubi</span> <span class='ocrx_word' id='word_1_180' title='bbox 490 3314 730 3401; x_wconf 85' lang='lat' dir='ltr'>produceretur,</span> <span class='ocrx_word' id='word_1_181' title='bbox 753 3321 997 3401; x_wconf 86' lang='lat' dir='ltr'>perseveranter</span> <span class='ocrx_word' id='word_1_182' title='bbox 1020 3321 1053 3380; x_wconf 91' lang='lat' dir='ltr'>ct</span> <span class='ocrx_word' id='word_1_183' title='bbox 1070 3316 1248 3400; x_wconf 87' lang='lat' dir='ltr'>acqualiter</span> <span class='ocrx_word' id='word_1_184' title='bbox 1266 3318 1461 3404; x_wconf 83' lang='lat' dir='ltr'>significare:</span> 
     </span>
     <span class='ocr_line' id='line_1_27' title="bbox 320 3421 1461 3507; baseline -0.004 -19"><span class='ocrx_word' id='word_1_185' title='bbox 320 3423 456 3488; x_wconf 87' lang='lat' dir='ltr'>alteram</span> <span class='ocrx_word' id='word_1_186' title='bbox 488 3421 660 3486; x_wconf 84' lang='lat' dir='ltr'>discretam</span> <span class='ocrx_word' id='word_1_187' title='bbox 694 3446 713 3487; x_wconf 89' lang='lat' dir='ltr'>a</span> <span class='ocrx_word' id='word_1_188' title='bbox 740 3424 910 3507; x_wconf 86' lang='lat' dir='ltr'>prosodiae</span> <span class='ocrx_word' id='word_1_189' title='bbox 942 3422 1140 3507; x_wconf 88' lang='lat' dir='ltr'>definitione,</span> <span class='ocrx_word' id='word_1_190' title='bbox 1177 3446 1242 3489; x_wconf 91' lang='lat' dir='ltr'>non</span> <span class='ocrx_word' id='word_1_191' title='bbox 1272 3429 1402 3490; x_wconf 86' lang='lat' dir='ltr'>tantum</span> <span class='ocrx_word' id='word_1_192' title='bbox 1428 3425 1461 3484; x_wconf 91' lang='lat' dir='ltr'>ut</span> 
     </span>
     <span class='ocr_line' id='line_1_28' title="bbox 320 3527 1461 3614; baseline -0.004 -20"><span class='ocrx_word' id='word_1_193' title='bbox 320 3528 418 3613; x_wconf 80' lang='lat' dir='ltr'>vulgo</span> <span class='ocrx_word' id='word_1_194' title='bbox 442 3527 550 3610; x_wconf 75' lang='lat' dir='ltr'>‘ilico’‚</span> <span class='ocrx_word' id='word_1_195' title='bbox 587 3528 641 3594; x_wconf 89' lang='lat' dir='ltr'>scd</span> <span class='ocrx_word' id='word_1_196' title='bbox 670 3529 769 3593; x_wconf 89' lang='lat' dir='ltr'>etiam</span> <span class='ocrx_word' id='word_1_197' title='bbox 797 3534 1042 3612; x_wconf 84' lang='lat' dir='ltr'>perseveranter</span> <span class='ocrx_word' id='word_1_198' title='bbox 1073 3533 1106 3594; x_wconf 91' lang='lat' dir='ltr'>ct</span> <span class='ocrx_word' id='word_1_199' title='bbox 1135 3531 1315 3614; x_wconf 87' lang='lat' dir='ltr'>aequaliter</span> <span class='ocrx_word' id='word_1_200' title='bbox 1345 3531 1461 3596; x_wconf 80' lang='lat' dir='ltr'>valere:</span> 
     </span>
     <span class='ocr_line' id='line_1_29' title="bbox 302 3635 1459 3719; baseline -0.004 -20"><span class='ocrx_word' id='word_1_201' title='bbox 302 3635 485 3719; x_wconf 85' lang='lat' dir='ltr'>&#39;utriusque</span> <span class='ocrx_word' id='word_1_202' title='bbox 508 3639 616 3699; x_wconf 89' lang='lat' dir='ltr'>autem</span> <span class='ocrx_word' id='word_1_203' title='bbox 645 3635 883 3702; x_wconf 85' lang='lat' dir='ltr'>observationis</span> <span class='ocrx_word' id='word_1_204' title='bbox 911 3636 1103 3701; x_wconf 85' lang='lat' dir='ltr'>documenta</span> <span class='ocrx_word' id='word_1_205' title='bbox 1131 3636 1233 3700; x_wconf 83' lang='lat' dir='ltr'>mixta</span> <span class='ocrx_word' id='word_1_206' title='bbox 1261 3635 1459 3703; x_wconf 73' lang='lat' dir='ltr'>incuriosior.</span> 
     </span>
     <span class='ocr_line' id='line_1_30' title="bbox 321 3741 1458 3827; baseline -0.002 -20"><span class='ocrx_word' id='word_1_207' title='bbox 321 3741 412 3818; x_wconf 83' lang='lat' dir='ltr'>Quod</span> <span class='ocrx_word' id='word_1_208' title='bbox 436 3742 463 3806; x_wconf 90' lang='lat' dir='ltr'>si</span> <span class='ocrx_word' id='word_1_209' title='bbox 486 3741 701 3826; x_wconf 85' lang='lat' dir='ltr'>probabiliter</span> <span class='ocrx_word' id='word_1_210' title='bbox 725 3742 902 3826; x_wconf 85' lang='lat' dir='ltr'>disputavi,</span> <span class='ocrx_word' id='word_1_211' title='bbox 932 3763 1131 3827; x_wconf 87' lang='lat' dir='ltr'>consequens</span> <span class='ocrx_word' id='word_1_212' title='bbox 1159 3745 1210 3806; x_wconf 92' lang='lat' dir='ltr'>est</span> <span class='ocrx_word' id='word_1_213' title='bbox 1232 3746 1270 3808; x_wconf 90' lang='lat' dir='ltr'>ut</span> <span class='ocrx_word' id='word_1_214' title='bbox 1292 3743 1385 3807; x_wconf 77' lang='lat' dir='ltr'>valde</span> <span class='ocrx_word' id='word_1_215' title='bbox 1408 3763 1458 3806; x_wconf 87' lang='lat' dir='ltr'>an·</span> 
     </span>
     <span class='ocr_line' id='line_1_31' title="bbox 320 3848 1457 3934; baseline -0.004 -20"><span class='ocrx_word' id='word_1_216' title='bbox 320 3871 396 3934; x_wconf 91' lang='lat' dir='ltr'>ceps</span> <span class='ocrx_word' id='word_1_217' title='bbox 420 3849 464 3913; x_wconf 88' lang='lat' dir='ltr'>sit</span> <span class='ocrx_word' id='word_1_218' title='bbox 485 3849 524 3913; x_wconf 95' lang='lat' dir='ltr'>de</span> <span class='ocrx_word' id='word_1_219' title='bbox 546 3849 646 3914; x_wconf 82' lang='lat' dir='ltr'>Ennii</span> <span class='ocrx_word' id='word_1_220' title='bbox 672 3872 711 3914; x_wconf 81' lang='lat' dir='ltr'>ex</span> <span class='ocrx_word' id='word_1_221' title='bbox 733 3849 833 3915; x_wconf 88' lang='lat' dir='ltr'>Aiace</span> <span class='ocrx_word' id='word_1_222' title='bbox 856 3851 964 3915; x_wconf 81' lang='lat' dir='ltr'>verbis</span> <span class='ocrx_word' id='word_1_223' title='bbox 991 3849 1157 3933; x_wconf 88' lang='lat' dir='ltr'>iudicium,</span> <span class='ocrx_word' id='word_1_224' title='bbox 1183 3870 1262 3914; x_wconf 89' lang='lat' dir='ltr'>num</span> <span class='ocrx_word' id='word_1_225' title='bbox 1284 3848 1353 3913; x_wconf 91' lang='lat' dir='ltr'>illis</span> <span class='ocrx_word' id='word_1_226' title='bbox 1377 3852 1457 3913; x_wconf 89' lang='lat' dir='ltr'>recte</span> 
     </span>
     <span class='ocr_line' id='line_1_32' title="bbox 319 3953 1456 4041; baseline -0.004 -21"><span class='ocrx_word' id='word_1_227' title='bbox 319 3956 450 4020; x_wconf 89' lang='lat' dir='ltr'>initium</span> <span class='ocrx_word' id='word_1_228' title='bbox 474 3956 541 4021; x_wconf 86' lang='lat' dir='ltr'>sive</span> <span class='ocrx_word' id='word_1_229' title='bbox 565 3956 683 4022; x_wconf 84' lang='lat' dir='ltr'>senarii</span> <span class='ocrx_word' id='word_1_230' title='bbox 703 3978 814 4021; x_wconf 87' lang='lat' dir='ltr'>versus</span> <span class='ocrx_word' id='word_1_231' title='bbox 834 3955 901 4020; x_wconf 88' lang='lat' dir='ltr'>sive</span> <span class='ocrx_word' id='word_1_232' title='bbox 921 3955 1097 4041; x_wconf 88' lang='lat' dir='ltr'>septenarii</span> <span class='ocrx_word' id='word_1_233' title='bbox 1114 3955 1185 4019; x_wconf 91' lang='lat' dir='ltr'>fiat:</span> <span class='ocrx_word' id='word_1_234' title='bbox 1209 3953 1282 4030; x_wconf 80' lang='lat' dir='ltr'>‘Qui</span> <span class='ocrx_word' id='word_1_235' title='bbox 1303 3957 1372 4020; x_wconf 76' lang='lat' dir='ltr'>rem</span> <span class='ocrx_word' id='word_1_236' title='bbox 1390 3975 1456 4020; x_wconf 91' lang='lat' dir='ltr'>cum</span> 
     </span>
     <span class='ocr_line' id='line_1_33' title="bbox 320 4060 1457 4147; baseline -0.006 -20"><span class='ocrx_word' id='word_1_237' title='bbox 320 4062 456 4128; x_wconf 83' lang='lat' dir='ltr'>Achiuis</span> <span class='ocrx_word' id='word_1_238' title='bbox 480 4065 649 4147; x_wconf 69' lang='lat' dir='ltr'>gcsserunt</span> <span class='ocrx_word' id='word_1_239' title='bbox 673 4061 784 4128; x_wconf 82' lang='lat' dir='ltr'>statim</span> <span class='ocrx_word' id='word_1_240' title='bbox 809 4061 859 4146; x_wconf 90' lang='lat'><strong><em>..’‚</em></strong></span> <span class='ocrx_word' id='word_1_241' title='bbox 882 4084 964 4147; x_wconf 90' lang='lat' dir='ltr'>quae</span> <span class='ocrx_word' id='word_1_242' title='bbox 983 4061 1154 4128; x_wconf 86' lang='lat' dir='ltr'>Ribbeckii</span> <span class='ocrx_word' id='word_1_243' title='bbox 1178 4081 1269 4126; x_wconf 87' lang='lat' dir='ltr'>mens</span> <span class='ocrx_word' id='word_1_244' title='bbox 1287 4061 1351 4126; x_wconf 89' lang='lat' dir='ltr'>fuit</span> <span class='ocrx_word' id='word_1_245' title='bbox 1366 4060 1457 4143; x_wconf 82' lang='lat' dir='ltr'>Trag.</span> 
     </span>
     <span class='ocr_line' id='line_1_34' title="bbox 282 4166 1454 4256; baseline -0.003 -24"><span class='ocrx_word' id='word_1_246' title='bbox 282 4193 307 4232; x_wconf 80' lang='lat' dir='ltr'>rr</span> <span class='ocrx_word' id='word_1_247' title='bbox 320 4192 351 4256; x_wconf 93' lang='lat' dir='ltr'>p.</span> <span class='ocrx_word' id='word_1_248' title='bbox 373 4169 427 4254; x_wconf 86' lang='lat'>15,</span> <span class='ocrx_word' id='word_1_249' title='bbox 459 4191 500 4234; x_wconf 89' lang='lat' dir='ltr'>an</span> <span class='ocrx_word' id='word_1_250' title='bbox 528 4169 651 4252; x_wconf 89' lang='lat' dir='ltr'>pariter</span> <span class='ocrx_word' id='word_1_251' title='bbox 682 4174 779 4254; x_wconf 89' lang='lat' dir='ltr'>atque</span> <span class='ocrx_word' id='word_1_252' title='bbox 806 4169 993 4234; x_wconf 83' lang='lat' dir='ltr'>Plautinum</span> <span class='ocrx_word' id='word_1_253' title='bbox 1026 4168 1117 4234; x_wconf 87' lang='lat' dir='ltr'>illum</span> <span class='ocrx_word' id='word_1_254' title='bbox 1151 4167 1248 4233; x_wconf 89' lang='lat' dir='ltr'>etiam</span> <span class='ocrx_word' id='word_1_255' title='bbox 1277 4166 1454 4232; x_wconf 82' lang='lat' dir='ltr'>Ennianum</span> 
     </span>
     <span class='ocr_line' id='line_1_35' title="bbox 320 4277 420 4341; baseline 0 -1"><span class='ocrx_word' id='word_1_256' title='bbox 320 4277 420 4341; x_wconf 87' lang='lat' dir='ltr'>talem</span> 
     </span>
     <span class='ocr_line' id='line_1_36' title="bbox 494 4380 1285 4468; baseline -0.008 -18"><span class='ocrx_word' id='word_1_257' title='bbox 494 4435 501 4450; x_wconf 92' lang='lat'><strong>.</strong></span> <span class='ocrx_word' id='word_1_258' title='bbox 525 4385 702 4467; x_wconf 76' lang='lat' dir='ltr'>‚quirem</span> <span class='ocrx_word' id='word_1_259' title='bbox 726 4405 797 4448; x_wconf 90' lang='lat' dir='ltr'>cnm</span> <span class='ocrx_word' id='word_1_260' title='bbox 821 4381 956 4448; x_wconf 80' lang='lat' dir='ltr'>Achiuis</span> <span class='ocrx_word' id='word_1_261' title='bbox 979 4385 1150 4468; x_wconf 77' lang='lat' dir='ltr'>gesserunt</span> <span class='ocrx_word' id='word_1_262' title='bbox 1173 4380 1285 4446; x_wconf 88' lang='lat' dir='ltr'>statim</span> 
     </span>
    </p>
   </div>
   <div class='ocr_carea' id='block_1_9' title="bbox 322 4504 1452 4594">
    <p class='ocr_par' dir='ltr' id='par_1_9' title="bbox 322 4504 1452 4594">
     <span class='ocr_line' id='line_1_37' title="bbox 322 4504 1452 4594; baseline -0.004 -23"><span class='ocrx_word' id='word_1_263' title='bbox 322 4507 496 4594; x_wconf 87' lang='lat' dir='ltr'>protulisse</span> <span class='ocrx_word' id='word_1_264' title='bbox 524 4507 650 4573; x_wconf 90' lang='lat' dir='ltr'>Nonius</span> <span class='ocrx_word' id='word_1_265' title='bbox 679 4507 838 4572; x_wconf 86' lang='lat' dir='ltr'>videatur:</span> <span class='ocrx_word' id='word_1_266' title='bbox 868 4507 995 4591; x_wconf 89' lang='lat' dir='ltr'>quando</span> <span class='ocrx_word' id='word_1_267' title='bbox 1023 4528 1061 4570; x_wconf 86' lang='lat' dir='ltr'>ca</span> <span class='ocrx_word' id='word_1_268' title='bbox 1089 4504 1272 4570; x_wconf 84' lang='lat' dir='ltr'>subtilitate</span> <span class='ocrx_word' id='word_1_269' title='bbox 1300 4523 1452 4588; x_wconf 84' lang='lat' dir='ltr'>gramma·</span> 
     </span>
    </p>
   </div>
   <div class='ocr_carea' id='block_1_10' title="bbox 0 0 1540 5142">
    <p class='ocr_par' dir='ltr' id='par_1_10' title="bbox 0 0 1540 5142">
     <span class='ocr_line' id='line_1_38' title="bbox 0 0 1540 5142; baseline 0 0"><span class='ocrx_word' id='word_1_270' title='bbox 0 0 1540 5142; x_wconf 95' lang='lat' dir='ltr'> </span> 
     </span>
    </p>
   </div>
  </div>
 </body>
</html>
