3048 5144
324 373 386 438 128
599 391 820 438 uouvusurr
845 389 1083 438 ssionururcs
1107 390 1197 438 ram.

321 531 356 597 P.
375 531 523 617 Rupilius
546 534 582 598 ire
605 533 715 599 setta
738 553 807 598 cuae
828 534 969 617 supitivis
991 534 1127 617 debellat,
1150 535 1187 596 ut
1210 535 1260 596 est
1281 531 1318 596 in
1341 530 1462 595 Liviani

219 631 223 639 ’
321 637 398 702 libri
426 637 499 702 LIX
522 640 679 724 epitoma,
710 640 799 705 domi
826 645 952 705 restans
979 639 1137 724 Popillius
1165 639 1303 724 conlega
1331 636 1465 703 laudae

321 745 410 829 pacis
434 745 559 828 artibus
583 746 734 831 quaesita
752 747 850 832 longe
869 746 1104 830 amplissimam
1123 747 1206 811 ciam
1222 745 1294 826 [ecit
1317 746 1352 810 in
1372 767 1466 828 eaque

319 853 426 932 forum
454 874 513 917 suo
540 851 671 917 nomine
701 852 901 936 appellatum
929 852 1080 919 condidit
1126 851 1188 927 Qui
1217 851 1245 916 si
1271 853 1379 916 tribus
1406 851 1466 915 lere

322 961 397 1023 aute
428 959 522 1024 annis
549 961 681 1042 pr'aetor
708 959 742 1022 in
767 956 879 1023 Sicilia
903 959 1051 1042 firpitivos
1077 959 1263 1024 Italicorum
1288 959 1467 1041 conquisivit

321 1064 507 1149 bellamque
535 1066 773 1150 mancipiorum
800 1065 1040 1131 multitudinem
1067 1066 1207 1132 dominis
1235 1067 1304 1131 suis
1332 1067 1465 1143 reddat,

322 1171 355 1236 id
373 1195 439 1238 non
457 1173 679 1239 disconvenire
697 1173 730 1238 in
749 1173 851 1256 ipsius
870 1172 948 1237 belli
966 1173 1093 1238 servilis
1111 1173 1255 1239 rationes
1271 1173 1465 1258 aliquamdiu

322 1278 402 1344 mihi
426 1279 532 1346 visum
556 1285 614 1346 est.
650 1279 737 1346 Nam
760 1279 914 1345 derebus
933 1280 1035 1365 gestis
1055 1279 1132 1345 anui
1151 1280 1217 1346 620
1238 1301 1313 1346 cunr
1339 1279 1387 1343 sic
1408 1301 1465 1344 me

323 1386 445 1452 moriae
472 1386 583 1471 prodit
606 1386 743 1452 Liviana
773 1387 915 1470 epitoma
942 1386 1019 1451 libri
1041 1384 1130 1450 LVI:
1162 1387 1274 1452 bellum
1301 1387 1412 1452 seruile
1436 1386 1465 1448 iu

321 1491 432 1557 sertia
459 1498 562 1560 orrum
588 1515 658 1558 cum
685 1495 819 1576 opperiret
847 1515 869 1558 a
889 1493 1131 1576 praetoribus
1161 1513 1225 1558 nou
1246 1494 1411 1576 potuisset,
1438 1491 1466 1556 θ.

321 1595 436 1664 Fulvio
463 1600 582 1666 meoli
608 1601 792 1665 modulum
819 1605 875 1679 est,
906 1621 973 1666 non
995 1622 1072 1665 sane
1099 1599 1282 1664 necessario
1308 1599 1467 1685 significat

323 1705 433 1772 eodem
464 1729 548 1773 anno
577 1711 698 1773 ortum:
730 1729 790 1772 neo
819 1707 985 1793 distincte,
1016 1730 1079 1792 quo
1108 1729 1194 1772 anno
1226 1708 1398 1790 exarserit,
1429 1706 1465 1769 ab

323 1813 395 1878 aliis
426 1799 582 1880 traditum
611 1814 750 1880 invenio.
796 1813 858 1880 Sed
884 1814 971 1879 idem
994 1819 1105 1880 tamen
1131 1815 1274 1880 monitus
1299 1815 1342 1880 ab
1366 1814 1465 1878 amico

320 1942 406 1986 nuno
434 1942 499 1986 non
527 1921 606 1986 belli
633 1922 741 2006 potius
771 1943 868 2005 quam
897 1922 987 2007 pacis
1016 1921 1284 2006 significationem
1314 1921 1398 2005 ipsis
1425 1921 1466 1984 in-

322 2027 509 2113 scriptionis
542 2027 650 2093 verbis
678 2029 749 2092 fieri
777 2028 931 2112 concedo,
968 2028 1025 2092 sed
1056 2028 1146 2110 pacis
1178 2049 1280 2112 prope
1314 2027 1465 2093 :semoris

321 2135 416 2200 bello.
449 2133 530 2200 Cum
554 2135 639 2200 enim
662 2136 741 2201 illud
765 2134 842 2219 quid
862 2134 925 2200 sibi
944 2134 1041 2200 vellet
1059 2156 1125 2200 non
1144 2135 1223 2199 satis
1242 2135 1465 2218 perspicerem,

321 2242 420 2326 quod,
444 2265 516 2307 uum
539 2241 574 2308 P.
593 2242 769 2327 Popillium
796 2264 926 2308 nossem
955 2242 1162 2326 optimatium
1186 2242 1465 2320 studiosissimum,

295 2347 297 2352 ’
322 2347 530 2414 Gracchanae
553 2353 662 2414 autem
684 2348 835 2414 factionis
860 2349 1078 2422 adversarium
1101 2349 1198 2435 longe
1220 2349 1466 2430 atrocissimum,

321 2456 407 2522 idem
430 2459 540 2521 tamen
560 2456 667 2537 fecisse
689 2443 807 2522 dieitur
828 2461 864 2521 at
885 2457 922 2521 de
943 2476 1018 2539 apro
1036 2433 1158 2538 petuo
1176 2455 1355 2522 oratoribus
1369 2461 1464 2540 paeto-

320 2583 369 2629 ree
391 2564 533 2645 cederem,
556 2585 619 2648 quo
642 2585 709 2628 non
732 2562 841 2648 potuit
862 2585 927 2628 non
950 2561 1032 2646 ipsis
1055 2563 1253 2646 pauperibus
1276 2563 1465 2646 gratificari:

321 2670 399 2756 quid
422 2671 491 2736 eius
518 2671 566 2736 rei
589 2675 675 2736 esset
698 2692 715 2735 e
738 2668 939 2736 Mommseno
963 2669 1159 2754 sciscitatus,
1186 2669 1254 2735 tale
1276 2687 1464 2756 responsum

321 2778 383 2842 tuli
412 2800 476 2862 quo
508 2799 574 2844 non
600 2775 681 2842 haec
707 2780 838 2842 tanturn
865 2775 1027 2841 dubitatio
1058 2776 1248 2859 dilueretur,
1281 2777 1338 2842 sed
1372 2777 1464 2842 etiem

321 2886 446 2969 reliqua
470 2906 551 2970 quae
575 2907 673 2968 supra
697 2884 819 2968 scripte
847 2887 896 2950 est
924 2883 1162 2968 argumentatio
1191 2883 1326 2952 mirifica
1355 2885 1464 2951 confir-

322 2995 473 3058 maretur.
523 2989 611 3066 Quas
638 2991 765 3056 litteras
794 2991 821 3056 si
850 3013 923 3056 curn
949 2991 1065 3056 harum
1098 3013 1207 3055 rerum
1236 2992 1373 3057 curiosis
1404 3012 1463 3055 non

322 3099 569 3183 communicem,
592 3097 767 3164 verendum
791 3098 835 3163 sit
856 3120 897 3163 ne
916 3098 955 3162 de
973 3097 1054 3182 ipsis
1073 3097 1192 3164 litteris
1214 3099 1298 3162 male
1318 3121 1463 3164 meream.

309 3187 428 3290 ⁵Igitur
450 3205 497 3270 sio
520 3204 588 3270 ille:

412 3310 484 3378 ‘Ich
512 3313 601 3376 kann
628 3311 662 3376 in
691 3312 748 3377 der
775 3313 955 3394 conputatio
975 3312 1175 3394 [epitimium
1200 3311 1319 3376 keinen
1341 3311 1463 3377 Bewcis

321 3418 374 3484 fiir
402 3419 454 3483 die
481 3417 727 3504 Kriegtiihrung
756 3419 876 3503 finden,
908 3417 1049 3484 sondern
1075 3417 1152 3482 eher
1179 3416 1236 3482 das
1265 3417 1464 3504 Gegentheil,

323 3527 394 3590 eine
422 3526 623 3610 grossartige
652 3525 839 3611 Treibjagd,
875 3526 936 3590 wie
964 3526 1011 3590 sie
1035 3525 1068 3590 in
1098 3525 1254 3590 klsinerm
1280 3522 1463 3590 Maasstcho

323 3633 408 3698 ohne
431 3631 562 3698 Zweifel
581 3633 672 3715 jeder
694 3632 820 3719 thiitige
839 3632 974 3698 Beamte
997 3635 1032 3697 in
1055 3633 1118 3697 den
1136 3631 1323 3715 Provinzen,
1345 3631 1462 3697 welche

284 3761 308 3798 u
323 3739 392 3805 sich
412 3739 629 3825 qualificirten
652 3762 707 3805 zur
726 3738 869 3825 Bildung
892 3762 955 3806 von
968 3739 1228 3806 Rituberbanden
1250 3739 1316 3803 und
1335 3737 1463 3804 Banden

323 3847 524 3912 entlaulener
547 3844 700 3930 Shlaven,
731 3847 915 3932 allj'thrlich
941 3846 1033 3912 hielt.
1074 3846 1231 3932 Dagegen
1259 3846 1315 3910 bin
1342 3847 1395 3912 ich
1420 3847 1460 3909 im

263 3983 268 3998 ·
314 3954 474 4022 ¹Reeultat
492 3941 575 4040 ganz
594 3953 841 4020 einverstanden
860 3954 924 4020 und
944 3954 1063 4039 glaube
1079 3953 1255 4038 allerdings
1278 3953 1369 4038 auoh,
1392 3953 1461 4016 dass

323 4061 423 4126 durch
457 4061 527 4126 eine
555 4062 660 4126 selten
687 4061 968 4126 wiederhehrende
996 4061 1150 4146 gtnstige
1173 4059 1312 4146 thung
1336 4081 1370 4124 es
1397 4057 1460 4123 sich

322 4167 393 4243 hier
424 4167 592 4233 bestimmt
621 4168 825 4234 nachweisen
856 4167 952 4252 ltsst,
985 4167 1059 4232 dass
1093 4165 1148 4230 der
1176 4164 1266 4231 Stein
1300 4189 1363 4232 von
1394 4165 1460 4229 dem

323 4269 444 4339 Consul
467 4274 502 4340 P.
520 4274 677 4360 Popillius
702 4276 765 4341 622
789 4275 951 4340 herrtlhrt.

413 4379 446 4468 l)
471 4381 554 4446 Dosa
579 4382 634 4447 der
653 4381 838 4466 Magistrat,
861 4381 917 4446 d'er
934 4381 986 4446 die
1005 4380 1167 4446 Chausse‘e
1187 4381 1294 4464 haute,
1318 4381 1369 4446 ein
1385 4377 1459 4444 Cou-

323 4489 374 4556 sul
397 4511 475 4572 war,
501 4487 608 4554 haben
633 4488 685 4553 Sia
709 4490 771 4554 mit
795 4489 912 4554 vollem
936 4489 1059 4555 Rechts
1083 4511 1140 4554 aus
1165 4489 1221 4553 der
1245 4487 1414 4552 Antithese
1435 4490 1459 4546 ol
