3080 5142
487 429 763 480 sveennnnrrvu
787 430 834 478 111.
1166 413 1229 480 531

115 593 272 659 supremum
295 576 390 660 obiit,
412 599 533 643 novum
552 577 716 642 consulem
731 574 766 640 L.
780 574 949 640 Valerium
967 573 1119 639 Flaccum
1142 579 1232 658 puta-

114 681 200 747 bimus
221 684 283 748 iam
306 689 382 748 ante
400 683 564 748 ineuntem
583 703 726 747 mensem
745 681 970 747 intercalarem
990 680 1043 745 rel
1062 680 1231 745 suffectum

115 811 166 852 esse
188 790 234 853 vel
256 789 423 853 suffectum
448 789 529 854 satis
552 789 730 854 innotuisse
753 787 840 852 inter
863 783 1023 852 Calones?

182 1177 227 1244 De
248 1179 390 1244 eiusdem
418 1180 577 1245 tabulae
600 1179 641 1244 H
666 1177 771 1260 [XVI]
803 1179 867 1263 fig.
889 1176 920 1243 B
944 1178 964 1243 i.
984 1199 1009 1242 e.
1033 1178 1072 1242 de
1095 1177 1232 1243 Praene-

114 1285 180 1348 stino
204 1285 319 1350 titubo
343 1285 490 1352 Metilii
517 1309 589 1352 cum
614 1307 685 1350 sum
709 1287 959 1368 commentatus,
986 1283 1074 1350 Latii
1096 1285 1230 1368 inserip-

113 1390 215 1455 tionum
231 1391 443 1475 plurimarum
461 1393 577 1477 negavi
592 1390 693 1476 p.VII
705 1391 797 1472 [514]
818 1394 871 1456 sat
889 1393 1013 1456 eertum
1027 1413 1122 1456 usum
1141 1392 1231 1476 prius

113 1517 175 1580 esse,
195 1520 286 1582 quam
308 1499 387 1563 illae
402 1497 547 1564 Hannoni
571 1499 694 1580 virtute
713 1499 762 1563 ita
781 1519 893 1564 omnes
912 1497 1068 1563 collectae
1086 1497 1231 1582 digestae

113 1603 275 1684 emendatae
306 1604 503 1688 prodiissent
532 1609 571 1670 ut
599 1606 635 1670 in
662 1627 830 1671 commune
862 1607 1020 1688 paterent.
1069 1602 1107 1668 ld
1135 1626 1232 1688 quam

112 1714 180 1774 recte
200 1711 344 1792 dixerim,
367 1711 436 1776 eius
459 1710 563 1795 ipsius
587 1733 650 1796 quo
669 1711 728 1777 illo
751 1711 824 1776 loco
842 1711 958 1776 utebar
975 1710 1066 1775 tituli
1084 1710 1231 1794 exemplo

112 1814 163 1878 iam
188 1818 336 1902 experior,
369 1817 453 1882 unde
486 1817 769 1882 Praenestinorum
801 1816 952 1883 videlieet
978 1815 1232 1882 APOLLINEM

112 1918 355 1988 brenensem
380 1945 470 1988 meae
494 1923 708 2008 disputationi
731 1923 944 2008 admiratam,
967 1946 1033 1989 non
1053 1928 1141 1988 reete
1158 1923 1230 2006 plus

112 2025 170 2090 fidei
187 2027 298 2114 Vulpio
322 2052 420 2114 quam
436 2029 565 2095 Gruteri
589 2029 716 2095 auctori
730 2027 851 2094 Vrsino
875 2029 1030 2110 tribuens,
1054 2051 1071 2092 e
1094 2050 1157 2113 quo
1176 2028 1230 2092 ille

109 2133 240 2214 pependit
267 2134 404 2200 demum.
449 2135 544 2200 Hrmo
561 2136 657 2202 „enim
681 2135 822 2220 lapidem
850 2136 922 2219 ipse
944 2133 1115 2200 Hennensis
1138 2156 1230 2219 pera-

110 2237 186 2303 mieis
214 2241 328 2308 litteris
359 2263 411 2307 me
439 2242 608 2308 admonuit
634 2245 702 2307 tam
731 2247 918 2326 suspectum
946 2263 1029 2324 esse,
1066 2244 1102 2307 ut
1129 2263 1230 2326 prope

112 2343 167 2408 sine
194 2347 315 2412 errandi
348 2349 490 2431 periculo
523 2349 564 2413 ad
596 2348 751 2416 falsorum
784 2349 895 2414 sordes
923 2349 1094 2433 relegetur.
1139 2347 1229 2432 Ergo

112 2450 198 2517 valeat
223 2454 375 2520 Tutelaris
406 2455 462 2520 ille
495 2476 690 2540 quamquam
723 2457 869 2540 precario
902 2460 1030 2520 tantum
1060 2454 1231 2536 admissus,

112 2553 253 2641 locumque
272 2559 310 2624 de
329 2561 399 2624 iure
418 2560 486 2652 sire
505 2559 637 2625 PVTIO
656 2561 914 2626 Mommseniano
933 2562 1000 2626 sive
1020 2561 1077 2626 alii
1097 2560 1230 2626 cuilibet

111 2662 190 2728 eadat
210 2701 244 2712 -
264 2665 436 2730 Praeterea
458 2665 546 2730 haud
570 2667 636 2732 seio
655 2689 698 2731 an
716 2667 751 2732 in
769 2671 838 2732 tam
856 2672 986 2734 vetusto
1007 2668 1114 2751 titulo,
1133 2689 1230 2751 quam

111 2771 149 2831 est
166 2768 357 2856 Metilianus,
389 2774 476 2838 iusto
504 2772 671 2838 liberalior
698 2773 815 2838 fuerim
843 2775 878 2839 in
904 2775 993 2840 notis
1021 2772 1229 2838 admittendis

111 2876 199 2955 quales
212 2878 284 2944 illae
304 2883 381 2944 sunt
392 2879 453 2946 DE
465 2914 471 2928 ·
482 2877 597 2946 OONL
610 2915 616 2928 ·
628 2879 663 2945 S:
688 2903 746 2964 pro
762 2881 889 2964 quibus,
912 2881 940 2946 si
954 2881 1120 2968 integrum
1135 2882 1230 2962 esset,

110 2998 177 3046 nuno
192 2983 270 3050 tales
288 2989 416 3051 tantum
435 3009 529 3058 voces
549 2988 810 3052 commendarem
825 2988 936 3073 quales
956 2987 1096 3072 exempli
1115 3007 1230 3054 caussa

110 3088 185 3165 posui
208 3089 265 3154 DE
280 3126 287 3140 ·
303 3091 438 3157 STIPE.
485 3091 687 3177 Quamquam
715 3094 766 3159 vel
790 3094 837 3160 sie
865 3095 986 3178 aliquid
1014 3093 1229 3160 dubitationis

110 3191 231 3260 relictum
246 3219 316 3264 esse
335 3198 441 3264 fateor
459 3221 478 3263 a
492 3199 651 3282 dirempto
671 3200 756 3264 inter
770 3199 849 3266 duos
865 3198 1229 3286 versusVAbRIANDO

111 3301 254 3396 vocabulo:
283 3304 380 3390 quale
403 3304 572 3370 discidium
596 3305 637 3369 ab
661 3305 901 3389 antiquioribus
928 3307 1035 3372 titulis
1059 3327 1128 3372 esse
1152 3307 1228 3371 alie·
1244 3334 1300 3374 xrv

109 3424 170 3470 num
193 3393 296 3474 solet·
326 3411 416 3488 Quae
446 3415 556 3476 tamen
588 3412 750 3477 dubitatio
779 3411 1029 3498 haudquaquam
1062 3436 1134 3478 eam
1162 3415 1228 3479 vim

110 3506 189 3579 hebet
208 3521 243 3580 ut
264 3539 337 3582 cum
360 3515 563 3582 Mommseno
576 3516 669 3604 ,add
692 3539 722 3601 p.
741 3519 807 3582 554
829 3518 863 3582 in
886 3518 1006 3584 litteris
1031 3542 1051 3583 a
1071 3517 1247 3587 Cosconio*

110 3621 227 3702 exeeptis
247 3621 418 3688 RIANDO
439 3624 659 3760 laterewposse
682 3622 947 3690 PROBAVERO
976 3626 1070 3691 nobis
1098 3648 1229 3730 persua-

110 3753 217 3826 deamus
239 3785 391 3850 meroque
414 3787 522 3831 errore
547 3764 568 3830 S
591 3766 736 3850 positum
759 3787 818 3850 pro
842 3765 872 3831 S.

180 3865 323 3936 Ceterum
346 3871 386 3936 de
410 3872 569 3937 sermonis
592 3871 794 3938 Praenestini
823 3873 1022 3957 proprietate
1050 3895 1227 3958 quaecum

111 3968 170 4036 olim
190 3978 352 4061 composui
375 3977 541 4063 Parergon
559 3978 663 4045 Plaut.
687 4001 717 4063 p.
739 3979 802 4044 196
826 3983 895 4043 tum
919 3999 1022 4063 nuper
1045 3978 1229 4063 significavi

109 4070 192 4144 Musei
206 4081 263 4146 nh.
281 4086 304 4147 t.
318 4081 398 4146 XVI
413 4107 443 4168 p.
452 4074 514 4148 607
528 4085 641 4168 [supra
654 4107 685 4168 p.
695 4085 785 4167 484],
804 4084 850 4148 eis
864 4107 985 4150 novum
1000 4085 1227 4151 documentum

109 4176 261 4252 bibemus
276 4186 471 4254 Schmibaius
489 4193 600 4254 noster
618 4190 743 4256 addidit
762 4211 779 4254 e
797 4190 1123 4275 glossarioVaticano
1142 4193 1227 4278 quod

110 4291 147 4350 est
161 4290 191 4354 in
204 4294 320 4380 Angeli
339 4294 406 4360 Mai
421 4293 522 4361 Olass.
537 4300 619 4362 auct
644 4301 665 4361 t.
684 4296 732 4362 VI
755 4319 785 4381 p.
804 4297 883 4363 547:
907 4298 1045 4382 ‘oenoe
1067 4299 1159 4364 vitiae
1176 4319 1227 4365 sa-

108 4396 248 4485 cerdobem,
269 4404 355 4484 alred
368 4403 585 4469 Praenestinos
604 4402 754 4486 stupra?
778 4441 819 4451 -
844 4403 927 4469 Item
950 4426 1083 4488 novum,
1106 4404 1168 4472 hae
1191 4410 1228 4472 ut

29 4607 30 4618 ἵ
109 4507 325 4582 Opportunitate
348 4513 438 4595 utar,
465 4511 545 4576 illud
572 4513 622 4574 est
649 4510 734 4594 quod
762 4510 903 4576 indidem
926 4535 957 4596 p.
980 4512 1044 4577 546
1067 4511 1152 4577 idem
1177 4535 1227 4578 ex·

29 4623 30 4642 ÷
959 4619 1015 4674 ³4*
