3080 5142
290 373 355 438 540
522 384 666 432 perseia
690 379 917 428 narmiensis
941 375 1200 425 snrorarmcar

290 532 352 596 sibi
380 531 503 615 imponi
532 527 783 594 abachmanno
811 545 927 608 passus
956 525 1054 604 esset,
1086 541 1105 584 a
1132 540 1196 603 quo
1220 517 1437 582 ‘rarissimum
1533 557 1534 588 ,

289 640 351 704 boc
371 641 404 702 et
422 635 640 721 antiquiorum
658 635 828 717 poetarum
847 628 1016 714 proprium
1035 628 1306 706 ευνεκφωνήεεω(
1324 646 1438 709 genus,

289 747 322 810 iu
347 767 410 829 quo
434 745 447 806 i
469 742 592 807 vocalis
619 741 667 804 ita
693 740 866 804 delitescat
892 741 929 802 ut
956 737 1116 822 syllabam
1144 759 1209 804 non
1237 739 1340 804 faciat
1366 741 1438 805 lon·

290 849 386 934 gam',
422 850 679 913 demonstratum
713 845 793 910 dicit
824 846 1129 910 commentariorum
1165 845 1438 912 Lucretianorum
1534 901 1535 908 ,

289 982 320 1042 p.
337 957 399 1022 129
414 979 461 1040 sq.
492 955 577 1020 Eam
595 958 703 1018 autem
723 953 918 1035 doctrinam,
941 953 1069 1036 qualem
1093 953 1222 1035 quidem
1246 953 1317 1018 illic
1337 954 1439 1020 latius

290 1068 455 1148 patentem
474 1055 657 1146 proposuit,
677 1060 727 1124 cui
747 1063 876 1143 praeter
894 1058 1001 1142 ipsum
1015 1057 1261 1123 Lachmannum
1274 1059 1440 1143 placuisse
1535 1092 1536 1114 1

290 1172 410 1250 dicam,
442 1168 519 1234 novi
546 1167 722 1233 neminem:
755 1170 851 1250 atque
878 1166 913 1229 in
941 1165 1051 1231 Plauti
1082 1167 1290 1250 potissimum
1317 1167 1440 1232 Teren·
1535 1141 1536 1162 Χ

290 1278 391 1362 tiique
419 1280 523 1341 artem
552 1296 616 1358 quo
643 1273 716 1358 quis
744 1272 868 1337 acriore
896 1273 1003 1338 studio
1031 1293 1100 1336 sese
1130 1273 1363 1359 insinuaverit,
1401 1297 1441 1339 eo

291 1384 357 1449 fere
385 1383 503 1447 certius
532 1379 594 1445 eibi
621 1379 814 1462 persuadere
842 1379 935 1442 video
961 1401 1027 1444 non
1051 1401 1121 1444 esse
1144 1379 1210 1444 illis
1234 1383 1342 1465 poetis
1371 1382 1441 1446 ullo
1536 1458 1537 1470 ,

290 1494 386 1573 pacto
405 1493 473 1552 tam
489 1487 649 1552 deformes
668 1486 863 1570 scabrasque
881 1507 993 1550 versus
1011 1485 1201 1551 tribuendos
1220 1487 1334 1572 quales
1354 1489 1441 1553 miro

180 1640 183 1653 ι
291 1601 323 1661 et
346 1593 517 1678 singulari,
542 1615 609 1657 non
637 1591 818 1656 mehercule
846 1589 925 1678 (quo
948 1593 1137 1677 plerumque
1161 1593 1262 1678 valet)
1291 1617 1375 1668 sano
1408 1601 1441 1660 et

291 1703 434 1789 eleganti
459 1701 585 1766 aurium
607 1699 726 1764 iudicio
750 1699 977 1764 Lachmannus
1000 1700 1164 1784 probavit:

207 1865 276 1904 xxu
379 1843 492 1929 Neque
516 1836 791 1926 mendaciloquius
815 1844 918 1928 neque
941 1843 1021 1908 adeo
1030 1845 1195 1928 0a‘rgutdm
1220 1845 1340 1930 magis:

378 1950 526 2016 Liberius
550 1950 679 2014 vivendi
703 1948 765 2014 fuit
786 1951 942 2033 potistas.
986 1972 1061 2014 nam
1085 1951 1194 2015 antea:

378 2057 422 2122 Di
444 2053 506 2121 tlbi
529 2057 613 2119 male'
636 2055 767 2143 faciant.
814 2055 936 2140 primus
961 2059 1048 2122 esses
1072 2059 1274 2123 memoriter:

291 2207 328 2266 ut
350 2201 385 2265 in
407 2199 519 2284 paucis
542 2199 835 2284 nunensubsistam.
873 2199 992 2275 Quales
1015 2199 1140 2264 numeri
1163 2201 1325 2266 innumeri
1345 2203 1441 2268 dubi-

291 2307 355 2371 tari
377 2328 510 2390 prorsus
533 2327 599 2372 non
621 2310 731 2390 potest
757 2307 835 2391 quin
863 2311 919 2371 aut
942 2307 1134 2371 manifestae
1157 2307 1365 2391 corruptelae
1390 2310 1441 2373 vel

290 2413 534 2498 interpolatioui
567 2413 744 2480 debeantur
776 2417 832 2478 aut
861 2415 957 2498 longe
991 2413 1088 2478 aliam
1125 2414 1316 2497 expediendi
1351 2415 1441 2480 viam

290 2519 448 2585 babeant:
473 2521 573 2603 velut,
597 2524 634 2586 ut
656 2543 694 2586 ex
717 2519 779 2584 hoc
803 2541 918 2604 genere
941 2542 1040 2584 unum
1064 2519 1248 2603 exemplum
1267 2524 1441 2605 tamquam

291 2627 489 2709 praeteriens
518 2627 750 2710 perstringam,
781 2625 945 2706 recollocare
973 2629 1006 2688 et
1032 2615 1188 2706 brisacerc
1215 2631 1248 2690 et
1274 2627 1442 2708 &ficium

157 2735 159 2740 ’
291 2736 324 2796 et
345 2733 516 2814 mollicium
539 2733 619 2797 mihi
643 2737 771 2798 constat
794 2733 903 2797 eadem
928 2754 1060 2816 prorsus
1079 2732 1205 2796 ratione
1224 2736 1442 2816 pronuntiata

292 2861 362 2903 esse
385 2842 522 2923 quaest
545 2839 737 2904 Bencentum
759 2840 865 2922 prisca
889 2843 995 2904 aetate
1022 2842 1056 2904 et
1078 2839 1199 2904 dietum
1222 2841 1256 2902 et
1277 2839 1439 2923 scriptum

292 2967 364 3009 cum
379 2945 451 3010 aliis
466 2967 531 3011 non
546 2947 656 3028 paucis
671 2945 861 3032 finitimis.*)
896 2946 1036 3011 Tantum
1056 2945 1219 3012 affirmare
1238 2945 1442 3011 confidenter

290 3073 436 3136 possum,
458 3051 516 3115 illa
539 3053 591 3117 via
615 3054 643 3117 si
665 3054 814 3119 insistere
839 3054 945 3137 liceat,
969 3053 1049 3118 nihil
1067 3055 1136 3118 tam
1155 3051 1388 3118 inconcinnum
1408 3057 1440 3116 et

291 3179 404 3243 expers
428 3158 522 3242 artis,
549 3160 741 3224 immotam
763 3159 906 3224 insolens
932 3159 1015 3224 nihil
1047 3163 1143 3244 atque
1167 3158 1248 3222 adeo
1271 3159 1439 3244 prodigio·

291 3289 362 3330 sum
386 3287 466 3349 esse,
495 3266 579 3350 quod
608 3288 672 3332 non
696 3266 872 3350 spondeam
900 3265 1024 3349 aliquot
1051 3265 1271 3348 exemplorum
1299 3266 1440 3332 raritate

291 3395 342 3437 me
364 3373 576 3457 probaturum
601 3378 637 3438 ut
658 3373 783 3438 licitum
812 3371 889 3437 olim
917 3377 950 3437 et
977 3371 1169 3437 admissum:
1201 3372 1350 3437 simodo
1376 3373 1440 3440 hoc

292 3481 341 3542 est
364 3478 515 3561 probare,
546 3479 619 3562 plus
643 3501 738 3562 quam
766 3477 904 3544 rationis
935 3476 1099 3543 severitati
1122 3480 1154 3542 et
1178 3479 1285 3543 sensui
1309 3479 1439 3544 cuidam

292 3585 511 3669 simplicitatis
548 3585 691 3649 tribuere
726 3583 935 3650 librariorum
973 3583 1159 3649 auctoritati
1194 3589 1228 3648 et
1259 3587 1440 3652 memoriae

292 3692 449 3774 codicum,
481 3692 531 3756 oui
562 3690 714 3774 quamdiu
743 3691 927 3773 mancipata
955 3691 1034 3774 fuit,
1066 3691 1197 3756 omnino
1229 3713 1341 3776 sapere
1372 3715 1439 3758 non

291 3798 398 3882 coepit
416 3797 587 3881 disciplina
605 3801 790 3862 metrorum.
812 3833 850 3844 -
871 3796 992 3862 Verum
1012 3800 1081 3862 esto
1100 3801 1137 3861 ut
1155 3799 1330 3880 paeonioae
1349 3821 1439 3864 meu·

292 3927 385 3970 surae
404 3904 605 3987 vocabulum,
628 3905 724 3989 quale
750 3907 801 3968 est
823 3903 947 3969 liberios
965 3903 1204 3987 Terentianum,
1227 3925 1286 3987 pro
1305 3903 1438 3988 dactylo

291 4013 390 4076 fuerit
413 4011 577 4076 veteribus
601 4011 720 4096 poetis:
749 4014 784 4075 at
811 4031 848 4074 eo
878 4011 995 4075 saltem
1018 4009 1258 4094 Lachmannus,
1285 4014 1323 4075 ut
1348 4011 1437 4076 coni·

292 4119 355 4202 cio,
382 4118 453 4202 ipsc
475 4141 542 4184 non
564 4118 726 4201 praevidit
748 4116 928 4182 doctrinam
956 4140 1047 4182 suam
1075 4117 1249 4182 valituram
1277 4123 1314 4182 ut
1336 4117 1436 4182 etiam

292 4225 498 4290 choriambus
522 4224 563 4310 (e.
582 4247 607 4289 c.
631 4227 784 4309 quattuor
806 4224 951 4306 syllabae
969 4225 1092 4308 primae
1111 4219 1281 4308 liteinins
1298 4223 1437 4306 formae)

293 4355 387 4414 posse
415 4332 537 4416 dactyli
564 4331 651 4397 vices
679 4331 837 4396 sustinere
868 4331 1058 4396 crederetur.
1103 4329 1178 4396 Non
1206 4334 1315 4394 autem
1347 4330 1436 4396 aliud

334 4450 481 4572 η’)ῙΟ-,ῐζ
493 4451 601 4557 Ὀριιεο.
621 4488 646 4542 lI
664 4508 692 4559 p.
708 4495 759 4542 716
774 4506 833 4556 sqq.
854 4493 914 4542 777.
952 4487 980 4542 O.
996 4487 1053 4560 W.]
1097 4489 1100 4494 ’
