3048 5144
439 381 589 458 rrr'vuvs
609 411 828 457 uvrrarnsvs.
1156 393 1199 456 95

143 551 178 616 In
201 551 283 636 ipsis
306 553 403 617 rebus
426 575 525 618 unum
549 553 701 638 estquod
720 551 959 618 commentandi
979 573 1108 635 operam
1128 573 1200 616 uos-

70 665 140 721 tram
166 661 289 742 poscat
337 657 469 731 Etenim
492 659 669 742 permirum
692 662 751 740 est,
774 679 846 723 cum
869 657 909 722 de
931 655 1080 722 Herculis
1103 661 1200 742 atque

70 765 135 828 adeo
159 763 197 830 de
221 765 374 831 Herculis
397 765 541 831 Victoris
570 765 604 830 in
628 767 707 832 urbe
731 765 835 831 Roma
862 764 994 848 templis
1018 763 1157 829 multum
1181 787 1201 828 6

70 871 164 936 multia
187 875 373 956 quaesitum
396 873 448 957 sit,
472 895 492 938 a
514 871 644 938 nemine
666 877 777 938 tamen
795 872 872 952 huic
891 871 1074 956 quaestioni
1093 895 1200 956 super-

70 978 162 1042 stitem
189 978 225 1043 L.
256 979 407 1044 Mummii
434 980 568 1044 titulum
602 978 783 1044 adhibitum
806 1001 893 1064 csse,
925 1000 983 1044 nec
1011 1001 1031 1044 a
1058 977 1199 1044 Beckero

69 1083 214 1151 Enchirid.
239 1088 390 1171 antiquit
413 1087 452 1152 R.
474 1086 492 1151 I
514 1109 545 1171 p.
567 1087 633 1151 469
657 1109 704 1172 sq.
727 1087 794 1152 475
817 1109 886 1172 sqq.
908 1107 968 1151 666
991 1085 1033 1150 66
1057 1085 1125 1150 eius
1145 1086 1198 1151 ad-

69 1193 190 1256 venario
215 1191 328 1258 Vrlice
353 1217 384 1278 p.
407 1193 451 1258 90
479 1215 526 1278 sq.
554 1215 614 1258 nec
637 1194 671 1257 in
693 1192 830 1258 Beckeri
852 1213 1008 1274 responso
1033 1215 1063 1276 p.
1087 1194 1130 1257 60
1154 1215 1200 1277 sq.

69 1294 138 1361 Nolo
159 1297 357 1384 singillatim
380 1299 531 1384 persequi
554 1293 637 1385 quae
660 1299 741 1364 mibi
765 1300 806 1365 ab
830 1297 882 1363 his
905 1303 963 1364 aut
984 1303 1071 1364 recte
1094 1299 1200 1384 dispu-

68 1408 125 1467 tata
145 1395 200 1470 aut
223 1427 320 1470 secus
344 1405 523 1491 videantur,
546 1407 602 1472 scd
625 1407 737 1492 paucis
761 1406 837 1492 quid
862 1407 900 1470 de
919 1406 967 1470 rei
985 1427 1112 1471 summa
1130 1405 1199 1490 ipse

69 1510 189 1577 sentiam
212 1513 411 1598 significare.
448 1512 497 1576 Ac
520 1512 583 1577 duo
606 1517 735 1577 tantum
753 1513 903 1578 Herculis
926 1513 1049 1596 templa
1071 1515 1104 1578 ia
1127 1511 1198 1578 foro

68 1617 163 1684 boario
185 1619 292 1705 adque
316 1619 437 1686 circum
460 1620 638 1685 marimum
662 1625 694 1686 et
716 1627 845 1705 portam
869 1620 1077 1706 trigeminam
1099 1619 1199 1684 fuisse

67 1747 180 1806 prorsus
210 1729 398 1814 negandum
423 1749 493 1793 esse
517 1733 632 1794 contra
653 1727 798 1794 Vrlieem
827 1729 932 1793 video:
963 1727 1003 1791 ad
1026 1725 1199 1792 Herculem

67 1837 158 1900 666666
175 1833 345 1901 Victorem
368 1837 563 1920 pertinuisse
587 1859 678 1902 arem
701 1837 876 1902 maximam
894 1835 979 1900 circo
999 1833 1199 1899 adiacentem

67 1961 118 2003 aon
146 1943 253 2026 magis
282 1941 426 2009 Beckcro
455 1945 594 2010 concedo
624 1966 720 2028 quam
751 1966 822 2008 cum
855 1941 979 2025 templo
1008 1963 1080 2006 eam
1108 1963 1198 2006 aram

68 2047 252 2114 coniunctam
276 2051 388 2116 fuisse.
423 2049 500 2116 Non
522 2052 638 2136 potuit,
662 2051 691 2115 si
709 2051 867 2134 templum
886 2048 1010 2132 habuit,
1033 2048 1073 2112 de
1090 2049 1199 2114 sacello

68 2156 174 2221 butum
201 2155 357 2222 Herculis
384 2155 568 2242 8666661,
598 2159 639 2221 10
661 2157 764 2242 loqui:
797 2179 856 2222 nec
882 2156 1041 2241 templum
1065 2155 1197 2220 Tacitus

69 2259 136 2324 lan.
151 2261 222 2342 XV,
244 2265 289 2328 41
315 2265 405 2348 dixit,
429 2265 486 2330 sed
514 2285 661 2347 mapnam
683 2285 775 2328 aram
796 2265 991 2346 sanamque
1012 2285 1090 2346 qaae
1106 2285 1197 2346 prae·

67 2369 129 2430 saa
140 2369 271 2434 Heracli
285 2371 387 2436 Arcas
399 2371 549 2436 Euander
566 2377 749 2436 sacraverat.
777 2368 846 2434 Nee
865 2370 892 2434 is
912 2371 989 2434 deus
1011 2371 1112 2436 Victor
1129 2392 1196 2434 um·

69 2495 147 2555 quam
165 2477 352 2561 appellatus
376 2483 433 2562 est,
456 2479 512 2543 sed
533 2478 745 2561 Triumphales
763 2477 918 2542 Hercules
941 2477 1046 2542 Plinio
1067 2480 1197 2541 auctore

68 2575 97 2640 N.
120 2579 156 2645 ll
178 2582 332 2668 XXXIV,
356 2585 388 2667 7,
419 2585 473 2668 16,
501 2584 586 2670 quod
610 2585 719 2650 differt
742 2585 784 2650 ab
812 2585 877 2648 illo.
923 2581 1066 2648 Victoris
1089 2587 1198 2648 autmu

68 2683 197 2752 Herculia
220 2691 323 2755 deas
345 2690 463 2755 Romae
493 2693 581 2757 aedes
602 2691 712 2776 fuisse,
734 2712 832 2756 anam
855 2691 898 2754 ad
913 2695 1040 2772 portam
1063 2690 1197 2772 6696666-
1212 2703 1272 2744 v111

69 2811 134 2870 aaa,
152 2795 284 2861 alteram
307 2796 341 2860 ia
362 2797 432 2877 soro
454 2797 568 2876 Mario,
590 2798 782 2881 planissimo
806 2796 993 2862 testimonio
1012 2795 1197 2861 Macrobius

69 2895 121 2964 Sat
140 2901 195 2988 ΠΙ,
218 2906 240 2970 6
265 2905 445 2989 confirmat,
467 2905 584 2969 harum
609 2906 743 2970 alteram
764 2927 783 2969 a
805 2903 848 2969 M.
872 2903 1007 2969 Octavio
1030 2903 1197 2970 Herennio

69 3007 186 3088 quodam
210 3011 378 3077 conditam
397 3035 468 3076 esse
491 3011 611 3076 addens
635 3010 771 3077 Masurii
791 3010 905 3076 Sabini
928 3010 1130 3075 auctoritate.
1167 3010 1195 3075 Ε

70 3133 119 3193 quo
137 3116 278 3182 efficitur
301 3118 435 3183 alteram
453 3141 518 3185 non
539 3119 637 3184 aliam
656 3123 752 3203 atque
772 3141 844 3183 eam
863 3139 933 3182 esse
953 3140 1050 3202 quam
1069 3119 1196 3183 devicta

71 3217 171 3286 Achaia
192 3221 228 3288 L.
252 3222 430 3289 Mummius
454 3225 630 3308 imperator
649 3228 746 3308 atque
770 3223 988 3308 triumphator
1010 3225 1069 3291 deo
1093 3247 1196 3290 secra·

71 3323 116 3388 rit:
139 3351 233 3412 quam
263 3352 340 3396 sane
368 3331 439 3396 foro
467 3331 589 3412 boario,
618 3350 684 3395 noa
707 3335 822 3412 portae
846 3329 1040 3414 trigeminae
1063 3354 1100 3396 eo
1124 3355 1196 3416 pro-

72 3429 187 3500 babilius
215 3437 351 3518 tribues,
379 3458 442 3520 quo
471 3437 629 3501 celebrior
661 3437 747 3520 apud
776 3438 949 3521 scriptores
975 3443 1024 3503 est
1046 3438 1196 3503 Herculis

72 3536 177 3606 inioro
201 3543 317 3609 boario
341 3543 438 3608 aedis.
476 3543 596 3620 Quodsi
622 3545 655 3609 in
679 3545 791 3610 eodem
814 3545 886 3610 foro
910 3547 1022 3610 boario
1046 3544 1196 3610 Herculis

72 3647 140 3712 aedis
157 3647 406 3714 FAMILIANA
430 3647 493 3734 (sic
517 3651 603 3716 enim
625 3652 789 3735 proditum
814 3649 877 3738 est)
898 3674 998 3736 prope
1016 3653 1196 3716 Pudicitiae

73 3753 201 3818 sacellum
236 3756 413 3820 collocatur
441 3779 460 3820 a
487 3755 585 3822 Festo
614 3782 643 3843 p.
668 3759 743 3842 242,
765 3758 818 3842 32,
842 3782 936 3842 quum
956 3761 1121 3824 rotundam
1145 3758 1196 3823 Li·

74 3857 124 3921 rius
144 3859 181 3946 X,
208 3863 252 3926 23
277 3864 434 3948 appellat,
463 3868 519 3930 666
546 3864 625 3929 6666
649 3864 799 3930 Herculis
823 3864 967 3930 Victoris
990 3888 1054 3932 non
1078 3867 1141 3930 fuit
1163 3870 1197 3930 et

74 3966 150 4031 tertia
183 3971 306 4034 accedit
342 3975 472 4055 praeter
508 3995 584 4036 aree
619 3973 777 4037 maximae
815 3974 969 4038 sacellum
1005 3977 1195 4056 praeterque

75 4067 183 4156 Pompei
200 4074 314 4162 Magni
338 4076 449 4140 aedem
472 4078 559 4161 apud
582 4079 702 4143 circum
727 4078 904 4143 maximum
928 4079 1027 4144 semel
1052 4101 1071 4142 6
1090 4079 1195 4144 Plinio

75 4173 198 4266 XXXIV,
212 4184 241 4266 8,
256 4181 297 4247 57
318 4189 617 4250 commemoratam:
637 4190 733 4270 atque
753 4185 798 4250 ita
817 4185 922 4250 locum
938 4185 1038 4250 habet
1051 4185 1195 4270 pulcher-

77 4435 95 4485 Ρ-
109 4431 152 4479 607
168 4427 217 4482 aab
236 4429 274 4484 111
293 4447 309 4483 e
328 4429 420 4500 lupide
438 4429 636 4502 bybliothecae
655 4431 837 4502 Barberinae,
857 4433 916 4487 aeri
934 4430 1050 4486 incisum
1070 4431 1098 4486 in
1119 4431 1193 4486 Pira-

77 4511 129 4564 neci
143 4513 228 4570 rues
247 4517 411 4588 Capitolinis
429 4539 456 4590 p.
476 4519 531 4574 46?
570 4520 600 4574 C.
619 4519 675 4592 W.]
