3062 5142
305 377 370 444 268
621 395 668 445 uu
693 397 892 445 morumve
916 396 1127 444 crrraaarrs

304 538 482 625 insigniore
509 563 539 623 p.
558 539 624 604 325
642 561 677 604 a:
710 537 863 604 ‘Saturno
897 539 965 604 dies
998 539 1100 605 festus
1133 539 1315 604 celebratur
1348 559 1462 604 mense
1523 533 1524 548 ¹

304 644 496 730 Decembre,
523 647 608 732 quod
632 669 670 712 eo
695 646 785 711 aedis
814 652 865 711 est
887 645 1049 711 dedicata:
1082 650 1114 711 et
1137 647 1171 711 is·
1189 646 1337 710 culturae
1364 666 1460 730 agro-

303 773 375 816 rum
397 727 581 837 praesidere
604 753 741 838 uidetur,
769 775 833 837 quo
864 753 962 822 etiam
990 753 1058 818 falx
1087 757 1137 818 est
1165 756 1199 818 et
1226 753 1267 838 (la
1286 775 1310 818 e.
1336 751 1386 838 ei)
1415 753 1461 816 in·
1523 799 1524 804 η

304 859 405 944 signe.
442 877 555 926 uersus
579 873 705 945 quoque
728 860 961 946 antiquissimi,
985 861 1103 946 quibus
1127 860 1258 925 Faunus
1282 858 1357 923 fata
1382 861 1461 924 ceci-

303 965 391 1031 nisse
417 966 604 1033 hominibus
633 968 774 1052 uidetur,
792 967 947 1050 Saturnii
975 968 1197 1052 appellantur:
1231 965 1353 1052 quibua
1385 969 1461 1030 eta

303 1071 429 1138 Naeuio
453 1073 574 1138 bellum
595 1061 752 1140 Punicum
777 1075 932 1159 scriptum
956 1080 1006 1138 est
1029 1079 1062 1140 et
1085 1097 1104 1140 a
1127 1073 1239 1139 multis
1263 1072 1341 1137 aliis
1366 1071 1462 1156 plura

304 1178 485 1262 composita
509 1183 593 1246 sunt.
634 1181 690 1265 qui
714 1180 792 1245 deus
815 1181 851 1244 in
875 1179 1052 1246 Saliaribus
1077 1177 1235 1244 Saturnus
1258 1179 1462 1260 nominatur,

304 1285 454 1350 uidelicet
476 1308 495 1351 a
519 1286 721 1352 sationibus?
762 1286 815 1352 Sic
837 1288 922 1354 enim
941 1287 1021 1351 haec
1044 1286 1078 1349 in
1101 1285 1210 1377 codice
1235 1283 1364 1368 scripta
1391 1305 1461 1349 esse

303 1389 343 1454 H.
354 1391 478 1456 Keilius
493 1397 634 1460 testatur
647 1392 751 1458 Musei
771 1391 875 1460 nostri
893 1392 1006 1477 philol.
1017 1391 1065 1456 VI
1079 1415 1108 1475 p.
1118 1391 1193 1456 625.
1217 1391 1255 1457 Iu
1271 1389 1460 1457 Saliaribus

303 1519 366 1582 quo
389 1498 520 1563 nomine
544 1499 648 1565 dictus
672 1500 783 1584 fuerit,
805 1499 917 1585 paullo
941 1503 1017 1582 post
1040 1504 1225 1583 quaeratur3
1249 1519 1322 1563 eum
1340 1498 1461 1564 Verrio

304 1601 421 1669 Flacco
444 1604 610 1689 vulgarem
634 1605 775 1671 nominis
798 1604 937 1671 formam
961 1627 981 1670 a
1004 1606 1139 1672 serendo
1158 1607 1287 1671 ductam
1307 1607 1352 1671 ad
1373 1608 1460 1692 agri·

304 1708 497 1774 colationem
526 1710 724 1775 rettulerunt
747 1709 948 1796 Hartungius
977 1710 1017 1776 de
1039 1712 1130 1798 relig.
1154 1712 1248 1778 Rom.
1271 1711 1304 1777 Π
1328 1735 1364 1798 p.
1388 1713 1460 1796 122,

266 1827 289 1872 ⁴⁵
305 1815 531 1884 Schwenokius
555 1815 593 1880 de
617 1815 754 1901 mythol.
777 1815 869 1882 Rom.
891 1840 922 1901 p.
939 1817 1011 1884 184.
1051 1817 1096 1883 Et
1118 1817 1168 1883 illi
1190 1819 1318 1903 quidem
1344 1842 1459 1904 prosc-

151 1949 155 1956 ·
279 1923 414 1990 ,diaoae
437 1923 575 1990 rationis
600 1923 801 2007 disparilitas
824 1924 909 1988 inter
933 1927 1041 1990 sistor
1069 1929 1177 1990 situs
1206 1929 1239 1991 at
1262 1923 1458 1992 Saturnus

304 2031 464 2096 vocabula
481 2030 681 2096 intercedens
698 2029 780 2094 nihil
800 2031 942 2115 scrupuli
956 2031 1105 2096 iniecisse
1120 2032 1261 2097 videtur:
1285 2054 1373 2116 quae
1392 2057 1457 2099 non
1523 2091 1524 2098 ,

304 2137 457 2203 mediocri
485 2137 684 2202 dubitationi
705 2136 907 2202 Buttmanno
936 2135 999 2202 fuit
1026 2136 1211 2222 Mythologi
1233 2138 1266 2203 II
1289 2162 1320 2222 p.
1341 2141 1387 2204 29
1404 2163 1458 2224 sq,

303 2247 372 2308 tam
396 2245 488 2329 gravi
512 2247 619 2308 autem
644 2243 812 2309 offensioni
836 2242 1001 2310 Klauseno
1025 2244 1063 2309 de
1083 2242 1195 2311 Aenea
1217 2249 1251 2312 et
1273 2245 1457 2312 Penatibus
1523 2299 1524 2304 η

303 2349 337 2416 11
360 2372 391 2434 p.
411 2350 475 2416 866
499 2354 536 2415 ut
553 2351 642 2415 nullo
662 2349 758 2416 modo
776 2350 980 2416 tolerabilem
1000 2351 1234 2434 pronuntiaret.
1271 2349 1401 2418 Contra
1420 2352 1458 2417 de

304 2456 426 2541 duplici
450 2457 551 2542 stirpe
574 2457 705 2543 linguae
729 2456 849 2523 latinae
874 2454 1102 2522 Schwenckius
1133 2457 1314 2543 cogitabat,
1345 2481 1457 2524 sacre

283 2567 337 2629 ‘et
369 2585 520 2644 savera,
552 2586 688 2648 quarum
720 2563 780 2628 illa
812 2585 851 2627 ex
881 2583 919 2627 se·
947 2567 1149 2647 procreasset
1182 2566 1303 2647 satus,
1341 2565 1457 2648 altera,

303 2693 401 2757 quam
423 2691 576 2757 umquam
606 2670 768 2735 exstitisse
795 2670 886 2735 nullo
914 2675 1082 2754 praeterea
1104 2670 1243 2756 vestigio
1267 2671 1457 2759 conligitur,

305 2776 497 2844 Saturnus
520 2777 668 2842 formam.

392 2883 421 2947 Α
446 2883 649 2948 saturandi
674 2888 783 2949 autem
805 2885 939 2950 notione
963 2869 1134 2968 profectus
1151 2883 1275 2968 primus
1298 2906 1316 2949 e
1340 2885 1456 2953 latinis

304 2988 491 3056 auctoribus
515 2987 627 3055 Cicero
652 2988 834 3056 ‘Saturnus’
861 2991 969 3075 iuquit
997 2989 1058 3056 ‘est
1080 2991 1262 3075 appellatus
1291 2993 1383 3077 quod
1407 3016 1455 3058 sa-

305 3098 467 3160 turaretur
491 3095 597 3160 annia'
621 3097 660 3161 de
683 3101 749 3161 nat.
772 3096 857 3162 deor.
881 3097 927 3184 Il,
950 3097 1006 3176 25,
1031 3097 1086 3181 64,
1119 3097 1197 3162 itsm
1227 3095 1290 3183 Ill,
1314 3099 1374 3183 24,
1398 3102 1455 3164 62:

306 3223 388 3286 quae
410 3202 510 3268 verba
532 3207 661 3286 praeter
680 3204 840 3270 Isidorum
863 3226 961 3288 supra
980 3209 1267 3270 commemoratum
1291 3227 1354 3270 sua
1376 3207 1455 3272 fecit

303 3309 492 3376 Lactantius
519 3309 626 3375 Instit.
649 3309 749 3389 1,12.
802 3310 882 3376 llius
911 3313 1019 3375 autem
1048 3310 1218 3395 veriloquii
1246 3318 1386 3394 apparet
1412 3313 1454 3378 Μ.

305 3417 450 3482 Tullium
474 3438 622 3482 caussam
644 3438 710 3483 non
734 3417 864 3482 aliunde
894 3418 960 3482 nisi
980 3441 1001 3482 a
1022 3417 1186 3483 tralaticia
1209 3416 1293 3502 apud
1316 3421 1453 3504 popula·

305 3547 356 3590 res
385 3546 461 3589 suos
491 3522 622 3589 Saturni
649 3544 722 3587 eum
752 3523 876 3608 Κρόνῳ,
910 3524 994 3608 apud
1018 3522 1160 3590 Graecos
1190 3528 1299 3589 autem
1328 3525 1453 3606 Κρόνου

305 3653 378 3697 cum
405 3631 523 3714 xpdvor
542 3630 784 3713 comparatione
811 3630 955 3714 petiisse.
999 3629 1068 3695 Nec
1095 3629 1224 3697 defuere
1256 3633 1311 3714 qui
1340 3631 1452 3697 eadem

306 3737 477 3803 saturitate
501 3757 659 3800 annorum
683 3735 852 3819 adipsum
876 3736 956 3800 adeo
981 3757 1132 3822 graecum
1153 3757 1271 3802 nomeu
1289 3737 1453 3801 translata

307 3844 430 3924 Κρόνον
454 3865 473 3907 a
496 3841 581 3924 κόρῳ
604 3840 771 3924 ducerent,
794 3845 830 3906 ut
852 3840 959 3927 Lydus
983 3842 1145 3908 demens.
1168 3841 1209 3927 ΙΙ,
1231 3843 1268 3907 11
1294 3845 1378 3908 κατὰ
1396 3845 1453 3922 μὲν

306 3951 478 4028 θεολογίαν
501 3947 554 4013 olo
578 3953 708 4028 διακορῆ
730 3953 809 4014 νοῦν
828 3949 1053 4035 interpretans,
1076 3948 1156 4014 κατὰ
1180 3951 1215 4014 δὲ
1238 3949 1452 4030 ἐωμολογίαν

306 4058 406 4124 οἱονεὶ
429 4058 533 4136 πλήρη
559 4056 611 4120 καὶ
634 4057 749 4135 μεετὸν
772 4056 856 4122 ἑτῶν
879 4055 950 4122 ἀντὶ
972 4060 1030 4122 τοῦ
1054 4055 1246 4136 μακραίωνα
1291 4057 1451 4124 Eandem·

305 4187 367 4249 que
395 4163 646 4248 originationem
674 4161 714 4227 ad
743 4184 894 4248 graccum
923 4162 1020 4228 simul
1048 4165 1145 4248 atque
1172 4163 1311 4227 latinum
1333 4184 1449 4228 nomen

307 4269 562 4352 accommodans,
584 4267 640 4334 sed
664 4269 838 4334 seiunctam
863 4269 904 4334 ab
927 4269 1039 4355 inepta
1062 4289 1219 4334 annorum
1242 4270 1450 4354 cogitatione,

306 4375 386 4439 haec
408 4376 507 4440 verba
529 4375 708 4459 Dionysius
731 4374 808 4440 Ant.
831 4373 868 4440 R.
891 4375 920 4460 I,
939 4377 981 4442 38
1005 4376 1123 4460 posuit,
1146 4375 1181 4440 in
1203 4375 1320 4460 quibus
1339 4397 1447 4442 verum

307 4479 426 4545 vidisse
449 4503 549 4546 unum
573 4479 783 4566 Sylburgium
807 4469 959 4566 putamus
983 4481 1179 4568 posthabitis
1202 4479 1369 4569 Stephani,
1392 4481 1449 4550 Ca·
