3062 5142
384 419 592 468 sumnonvu
617 418 883 480 surrqwssnns.
1141 401 1204 464 287

81 560 189 641 quitis
205 581 392 645 numquam,
407 562 491 646 quod
508 563 655 645 sciamus,
670 565 727 626 aut
745 557 952 636 NEIQVAM
974 556 1204 634 NEIQVITIA

82 671 126 729 cut
144 665 316 741 NIQVAM
339 667 541 744 NIQVITIA
570 668 692 752 scripta
720 672 808 750 sunt,
840 655 950 730 tamen
977 665 1011 729 id
1033 665 1154 749 ipsum,
1178 667 1206 730 si

82 773 159 836 nodo
181 774 369 858 placuisset,
392 775 538 858 potuisse
561 773 631 838 lieri
655 795 719 838 non
744 773 849 857 magis
869 795 888 836 a
906 772 1033 837 ratione
1053 771 1207 837 abhorret

82 899 160 961 quam
182 881 257 943 ante
281 879 437 964 iniquos
460 878 600 944 formam
624 879 778 964 potuisse,
801 877 887 963 quod
910 877 989 942 item
1008 878 1207 962 ignoramus,

82 984 220 1068 inequos
248 986 396 1069 probari,
425 987 477 1050 vel
504 991 748 1051 exestumare
775 1006 1011 1069 conquerere
1043 988 1118 1050 ante
1146 1007 1206 1050 ex·

83 1092 246 1156 istumare
270 1095 514 1178 conquirere:
538 1094 582 1159 de'
601 1093 716 1178 quibus
740 1114 842 1176 nuper
861 1091 926 1156 dixi
945 1091 1031 1157 Mon.
1048 1093 1147 1176 epigr.
1166 1095 1206 1156 tr.

84 1197 146 1280 pl]
163 1199 273 1284 [supra
287 1223 317 1284 p.
329 1202 391 1265 140
402 1203 473 1284 sq.],
488 1201 609 1265 oblitus
624 1199 785 1266 Naeviani
804 1199 890 1264 illius
906 1197 951 1262 ‘re
969 1198 1061 1282 inqu
1068 1198 1206 1263 aesita'

84 1305 152 1386 apud
173 1304 355 1372 Chalisium
379 1329 411 1390 p.
433 1307 504 1372 186.
550 1306 685 1372 Accedit
712 1305 797 1390 quod
824 1327 864 1370 ne
892 1317 906 1368 t
933 1305 1064 1389 quidem
1093 1306 1208 1389 vocali,

83 1409 110 1472 in
132 1433 218 1494 quam
246 1413 286 1477 de
314 1436 404 1478 more
431 1435 469 1478 ue
491 1413 715 1498 diphthongus
747 1413 911 1477 transibat
942 1412 976 1476 in
1009 1413 1207 1496 compositis,

85 1539 136 1580 non
156 1519 258 1601 potuit
280 1520 430 1604 vulgaris
457 1542 617 1604 nequam
645 1519 752 1584 forma
777 1519 882 1601 nasci,
915 1519 944 1583 si
966 1518 1063 1584 modo
1085 1519 1120 1582 in
1134 1529 1206 1584 ne·

84 1633 172 1705 iquos
192 1622 335 1708 (quando
359 1625 494 1709 ancipiti
518 1647 668 1690 mensura
689 1624 754 1690 fuit
775 1625 929 1710 negativa
952 1625 1011 1689 illa
1040 1647 1084 1690 ne
1108 1626 1207 1708 parti·

85 1729 153 1812 ecla)
173 1732 428 1822 praeponderare
451 1753 468 1796 e
490 1755 565 1817 prae
588 1735 614 1815 i,
637 1755 703 1797 non
727 1733 740 1796 i
762 1754 839 1816 prae
861 1733 1073 1815 epulareris.
1114 1731 1207 1798 Com-

87 1837 300 1922 mendaretque,
322 1839 388 1903 nisi
412 1861 484 1903 mea
503 1861 555 1903 me
574 1839 684 1922 opinio
704 1837 799 1917 fallit,
822 1838 906 1902 hanc
923 1837 1207 1903 ratiocinationem

86 1963 189 2006 omnem
211 1945 297 2009 haud
321 1946 438 2010 leviter
461 1945 551 2010 Festi
570 1969 599 2030 p.
622 1945 695 2028 165,
713 1945 756 2010 30
779 1946 949 2011 memoria:
973 1944 1146 2030 ‘negritu
1174 1943 1208 2008 in

87 2051 194 2133 augens
225 2051 390 2136 significat
422 2049 613 2136 aegritudo'‚
650 2051 678 2115 si
707 2051 814 2115 minus
844 2051 1051 2115 obscuratam
1080 2051 1207 2116 mutila·

87 2159 193 2239 tamque
224 2157 432 2222 librariorum
464 2159 671 2244 neglegentia
702 2158 903 2224 haberemus.
943 2157 1008 2222 Vbi
1033 2158 1118 2242 quod
1144 2179 1208 2222 ne·

88 2263 171 2343 gritu
196 2265 452 2350 interpretantur
478 2265 642 2348 necritu,
673 2264 704 2328 id
734 2286 796 2348 qua
824 2263 955 2328 tandem
978 2265 1104 2330 ratione
1135 2265 1208 2330 suh·

89 2366 168 2434 lectae
197 2394 216 2436 a
243 2373 460 2457 grammatico
489 2371 720 2458 significationi
754 2371 965 2436 conciliabis?
1012 2370 1114 2447 Quem
1147 2373 1208 2438 etsi

89 2475 147 2556 quid
175 2479 341 2563 scripsisse
371 2478 475 2543 dicam
506 2500 572 2543 non
604 2461 721 2556 habeo,
754 2481 863 2541 tamen
896 2476 977 2541 illud
1009 2477 1062 2541 vix
1095 2477 1207 2542 dubito

90 2582 149 2662 quin
175 2584 302 2671 aliquod
338 2585 532 2649 vocabulum
565 2607 584 2648 a
616 2604 729 2668 negr·
761 2584 919 2667 incipiens
957 2580 1109 2669 (fortasse
1141 2605 1208 2648 non

90 2685 157 2752 aliud
180 2695 273 2776 amne
303 2689 521 2776 aegritudo)
554 2691 769 2780 compositum
801 2713 871 2755 esse
901 2713 939 2755 ex
966 2711 1012 2753 ne
1040 2693 1073 2754 et
1100 2710 1207 2775 aegr-

93 2792 242 2862 tradiderit.
1000 2813 1003 2820 '

158 2902 204 2968 Ad
226 2906 365 2989 simplex
389 2926 516 2988 nomen,
538 2904 623 2968 unde
647 2904 775 2989 deflexi,
805 2905 900 2969 redeo
924 2901 1124 2968 ΑΕΟΕΤΙΑ.
1170 2904 1209 2969 In

93 3007 160 3072 cuius
176 3011 277 3076 altera
296 3011 425 3096 syllaba
443 3011 458 3074 ἔ
477 3033 537 3095 pro
557 3014 570 3075 ‘r'
590 3010 711 3076 vocalis
730 3033 797 3075 non
816 3011 889 3095 plus
904 3010 1091 3076 offensionis
1109 3011 1210 3078 habet

83 3131 166 3192 ¹qruun
182 3117 212 3181 in
229 3140 363 3201 prorsus
382 3117 540 3202 parilibus
561 3117 741 3182 MERETO
766 3115 960 3182 SOLEDAS
987 3115 1209 3202 ΟΡΡΕΒΕΙΞ,

93 3237 122 3280 ne
139 3223 237 3303 paullo
261 3225 491 3310 longinquiora
514 3247 685 3290 arcessam.
721 3223 858 3308 Fuitque
881 3223 966 3288 haud
989 3224 1085 3289 dubie
1109 3226 1209 3290 etiam

92 3331 244 3410 aequetis
282 3331 457 3415 aliquando
489 3331 646 3396 usitatum
679 3335 754 3395 ante
791 3331 976 3416 nequitia.
1030 3330 1208 3414 Aliquanto

93 3429 147 3509 plus
166 3434 374 3502 dubitationis
397 3437 493 3503 facile
516 3437 658 3521 cuipiam
687 3459 745 3521 pro
773 3459 814 3519 qu
841 3438 949 3520 posita
976 3457 992 3500 c
1018 3437 1129 3501 littera
1151 3438 1209 3501 ini-

93 3535 147 3602 ciat
178 3541 258 3608 Nam
281 3543 343 3606 etsi
367 3547 497 3627 praeter
520 3565 662 3628 aequos
691 3543 855 3607 exstitisse
883 3545 981 3608 etiam
1005 3565 1116 3608 aecus
1145 3545 1208 3608 lor-

93 3661 157 3708 msn
182 3651 259 3714 sah's
287 3650 493 3734 exploratum
522 3657 586 3729 est,
623 3654 731 3714 tamen
763 3649 844 3714 haec
876 3649 1006 3733 quidem
1037 3650 1210 3716 subsecuta
1223 3669 1249 3706 211

94 3755 129 3812 rat
153 3752 271 3820 demum
298 3757 441 3821 naturali
467 3757 659 3821 necessitate
683 3777 700 3821 o
728 3756 849 3821 vocalis
877 3757 911 3820 in
939 3778 961 3820 u
989 3757 1209 3822 mutationem.

94 3850 139 3918 Sed
154 3861 255 3926 tamen
273 3862 456 3942 veterrimis
475 3864 540 3927 iam
560 3862 762 3946 temporibus
782 3862 939 3946 quaedam
960 3863 1075 3928 saltem
1096 3864 1130 3928 in
1148 3863 1210 3930 hoc

94 3980 186 4042 genere
211 3969 370 4034 vocabula
397 3991 413 4034 c
440 3971 584 4034 litteram
617 3969 772 4034 ascivisse
804 3965 881 4052 (quo
912 3969 1052 4034 fortasse
1085 3971 1209 4055 quiris

94 4070 174 4134 curis
199 4073 350 4161 pertinet)
373 4075 543 4160 potissimo
558 4075 765 4141 documento
797 4097 876 4140 com
909 4097 978 4140 con
1010 4078 1210 4161 praepositio

95 4177 142 4256 est,
160 4179 201 4244 sic
219 4183 341 4268 scripta
359 4206 417 4268 pro
442 4205 553 4268 quom
575 4205 641 4248 non
659 4184 692 4248 in
708 4183 936 4268 antiquissimo
954 4187 1082 4248 tantum
1102 4184 1210 4269 elogio

95 4276 227 4366 Scipionis
258 4287 393 4353 Barbati
426 4291 447 4354 f.
480 4287 805 4376 (OOSENTIONT),
838 4289 916 4354 item
951 4290 985 4354 in
1015 4292 1211 4374 pervetustis

96 4387 177 4458 titulis
198 4393 370 4460 Venusinis
398 4393 423 4460 I.
445 4396 482 4461 R.
506 4394 546 4459 N.
571 4397 643 4460 715.
669 4397 732 4461 716
762 4395 809 4472 [Ο.
832 4396 856 4461 Ι.
880 4395 914 4461 L.
944 4395 960 4461 I
983 4420 1013 4463 n.
1035 4398 1106 4464 185.
1133 4399 1209 4481 186]

96 4488 308 4575 (CONSOLTV
331 4500 646 4588 consulimus),
669 4503 724 4568 sed
743 4507 871 4586 praeter
890 4505 1053 4570 ceterain
1067 4503 1211 4594 QOSOL,
