2948 5048
499 117 780 165 sveauausuuvu
803 118 838 164 11.
1173 99 1237 162 519

183 259 347 343 Ceterum,
371 262 464 325 utne
482 259 545 324 hoe
564 259 693 343 quidem
712 259 840 324 silentio
860 262 1037 341 transeam,
1060 258 1240 342 praemissa

76 365 300 449 inscriptioni
322 367 434 448 punoti
456 369 547 450 nota,
574 366 638 431 nisi
662 367 784 450 speeies
813 388 946 450 prorsus
974 366 1073 448 fallit,
1100 368 1240 430 nonest

77 472 182 537 casui
207 471 389 536 tribuenda.
435 472 526 549 Quod
551 493 652 558 genus
676 474 882 558 quantumvis
911 495 1020 537 rarum
1044 473 1101 556 sit,
1131 475 1240 536 tamen

74 581 181 642 certa
205 578 362 662 quaedam
389 579 598 662 plumborum
622 579 770 668 exempla
793 579 891 643 habet
914 601 995 663 quae
1015 579 1160 644 Iudieum
1184 603 1238 662 pa-

71 684 395 770 laeographieorum
418 708 448 770 p.
471 682 549 749 1191,
573 685 655 749 med.
678 685 853 768 composui.

181 1002 305 1079 Quarto
330 1004 398 1069 loeo
422 1025 488 1068 non
510 1002 610 1068 fuerit
637 1002 846 1068 iniucundum
874 1005 1021 1090 cognitu,
1054 1005 1140 1088 quod
1167 1008 1291 1074 tan-xn

64 1110 162 1175 dem
196 1132 309 1175 verum
341 1110 601 1195 supplementum
639 1109 683 1174 sit
715 1109 902 1176 dimidiatae
935 1111 1114 1175 lamellae
1151 1109 1237 1173 illius

64 1214 353 1282 Bononiensis
381 1215 636 1298 vetustissimae,
668 1236 765 1299 quam
796 1218 837 1281 ab
864 1217 1042 1282 Ariodante
1069 1216 1237 1281 Fabrettio

64 1320 271 1387 Taurinate
297 1322 438 1406 primum
465 1321 664 1406 publicatam
690 1321 849 1386 Glossarii
873 1323 979 1388 Italici
1003 1347 1033 1407 p.
1052 1324 1131 1407 802,
1163 1327 1238 1406 post

60 1426 282 1495 Detlefseno
306 1428 452 1494 adiutore
476 1450 496 1492 a
518 1427 613 1492 nobis
636 1433 911 1513 repraesentatam
930 1429 964 1495 P.
978 1429 1012 1494 L.
1027 1429 1070 1494 M.
1083 1430 1121 1494 II.
1140 1453 1170 1513 p.
1185 1431 1237 1514 97,

57 1535 240 1620 pluribus
273 1535 522 1620 disceptavimus
550 1534 655 1599 Musei
682 1534 832 1599 Rhenani
860 1534 1001 1599 tXVII
1029 1560 1059 1621 p.
1083 1538 1149 1602 605
1168 1560 1237 1621 sqq.
1354 1552 1357 1557 ·

57 1642 169 1708 64οε
199 1663 264 1726 quo
292 1641 372 1707 adde
401 1641 442 1706 ab
465 1641 578 1705 amieis
603 1640 826 1705 contradicta
853 1640 896 1705 ib.
919 1640 1031 1704 XVIII
1054 1664 1085 1725 p.
1107 1643 1167 1706 141
1189 1665 1236 1726 sq.

58 1749 187 1832 [Vide
215 1748 303 1814 infra
328 1770 359 1813 n.
383 1747 508 1832 XXIII3
542 1747 581 1813 ef.
605 1745 639 1813 O.
662 1747 687 1811 I.
711 1747 745 1811 L.
773 1747 789 1811 Ι
818 1770 849 1811 n.
868 1748 942 1812 812.
966 1746 1045 1829 8133
1079 1747 1138 1832 VI,
1164 1750 1179 1812 l
1204 1771 1236 1813 n.

55 1856 177 1937 352]
226 1854 354 1941 Quippe
377 1855 495 1919 litteris
518 1853 762 1919 humanissimis
786 1852 933 1936 Raphael
957 1852 1149 1918 Garrueeius
1175 1876 1234 1918 nos

56 1961 244 2028 certiores
267 1960 346 2027 feeit
368 1961 513 2027 nondum
534 1960 657 2025 fraetae
681 1959 835 2043 tabellae,
858 1959 933 2023 dum
953 1958 1076 2025 Romae
1099 1966 1162 2044 est,
1186 1983 1234 2025 ae·

55 2069 331 2135 curatissimum
354 2069 536 2153 exemplum
560 2066 751 2132 delineando
779 2070 930 2149 paratum
958 2089 1027 2130 esse
1050 2067 1234 2152 inscriptio-

55 2198 160 2242 nem
185 2176 348 2261 integram
372 2176 472 2241 talem
494 2176 675 2258 praestans:

62 2846 180 2924 Quod
205 2849 394 2933 exemplum,
409 2848 465 2913 ubi
485 2851 639 2934 servetur,
662 2852 789 2914 tacente
803 2848 976 2915 Garruoeio
995 2850 1232 2935 incompertum

61 2954 192 3019 nobis.
237 2952 282 3019 ut
314 2951 461 3021 DIOVIS
493 2953 622 3038 quidem
656 2954 737 3019 illud
770 2954 944 3021 divinando
977 2957 1106 3040 assequi
1137 2979 1232 3022 nemo

64 3062 252 3142 potuerat:
282 3060 410 3145 quando
439 3060 478 3124 de
502 3063 592 3124 eastu
616 3057 743 3126 Cereris
767 3062 940 3126 constabat
967 3061 1068 3145 deque
1091 3061 1231 3146 Magnae

64 3166 203 3231 matris
231 3170 337 3251 cestu,
368 3189 435 3232 non
460 3167 541 3231 item
569 3166 608 3231 ds
635 3171 727 3232 eastu
748 3165 835 3231 Iovis
863 3166 914 3231 vel
939 3165 1062 3233 Diovis.
1108 3165 1170 3232 Sed
1199 3173 1232 3233 et

65 3269 257 3357 cAS'rVD,
281 3273 366 3359 quod
389 3272 629 3338 substantivum
648 3273 854 3357 interpretati
874 3295 993 3354 sumus,
1016 3277 1049 3337 et
1067 3275 1231 3360 participii

69 3378 269 3445 ablativum
291 3378 493 3463 FAOI'I'VD,
516 3380 547 3446 h.
566 3402 592 3445 e.
614 3385 700 3465 coetu
721 3381 812 3464 fusto,
838 3403 892 3444 eas
917 3380 1047 3463 quidem
1070 3381 1230 3447 coniectu-

70 3506 148 3549 ras
171 3487 256 3572 qnod
282 3487 378 3571 plane
410 3508 495 3551 nune
527 3487 732 3552 confirmatas
763 3483 993 3571 intelleximus,
1025 3510 1091 3552 non
1122 3490 1231 3572 potuit

72 3610 160 3653 non
176 3597 363 3678 pergratum
382 3592 535 3658 assidere.
568 3589 717 3657 (letarum
731 3593 928 3657 delineatum
944 3594 1125 3677 exemplum
1140 3595 1230 3679 illud,

76 3694 113 3759 si
153 3699 239 3765 modo
267 3721 325 3785 per
343 3697 509 3764 Garrueoii
536 3699 766 3764 liberalitatem
791 3700 914 3783 licebit,
942 3701 1090 3783 proxima
1116 3702 1229 3766 tabula

76 3796 148 3864 III
173 3802 293 3887 [XVII]
325 3826 552 3889 proponemus.
608 3801 670 3885 [cf.
704 3803 867 3890 Supplsm.
899 3807 947 3870 III
980 3830 1010 3890 p.
1036 3806 1096 3871 XV
1129 3806 1228 3893 (infra

77 3926 112 3989 p.
140 3904 215 3998 533)
233 3934 317 3997 sqq-3
352 3910 400 3976 IV
422 3933 453 3995 p.
470 3908 566 3975 XVII
590 3908 690 3995 (infra
712 3933 742 3993 p.
762 3910 840 3995 556)
860 3914 920 3994 sq]

552 4123 762 4132 ---.
