3048 5144
313 367 376 432 140
591 385 810 433 uouvuasra
834 385 1069 434 aaraaarmca
1094 385 1184 432 rara

310 529 402 594 iectu.
439 529 540 604 Quale
564 528 696 592 verbum
725 551 790 592 nou
818 527 944 592 videtur
974 549 1051 593 sane
1079 529 1231 610 inrepsere
1253 549 1325 594 esse
1350 551 1459 614 posset

311 637 421 719 potest
443 634 582 700 fortasse
600 637 753 720 dampere,
776 634 1045 718 quemadmodum
1060 634 1165 700 Varro
1184 635 1218 699 in
1238 638 1352 700 satura
1370 639 1460 701 norri-

270 761 295 799 21
310 743 448 808 melarius
468 743 687 808 auresaures
708 743 856 826 irrumpit
873 763 904 808 se
921 744 956 807 in
974 743 1095 808 nerium
1118 741 1201 806 dixit
1214 743 1297 826 apud
1312 743 1458 810 Nonium

310 872 340 932 p.
361 849 439 914 263:
462 870 657 934 quamquam
681 850 921 934 aliquantillum
945 850 1102 914 interesse
1124 849 1211 914 haud
1233 849 1354 916 nescio.

399 955 539 1021 Tantum
564 957 694 1041 quidem
718 941 756 1022 de
780 956 841 1023 his.
888 955 1039 1023 Ceterum
1062 979 1156 1023 versu
1180 961 1271 1022 sexto
1294 958 1458 1043 epigram-

310 1063 408 1127 matis
432 1061 546 1129 Soraui
570 1061 802 1129 LVBENTES
826 1063 928 1129 edidit
949 1063 1121 1128 Henzenus
1144 1085 1218 1128 eum
1238 1061 1458 1130 Mommseno:

311 1170 351 1236 ab
384 1171 545 1254 exemplo,
581 1171 666 1258 quod
699 1169 912 1256 lithographo
944 1170 1140 1256 sequendum
1172 1169 1247 1254 fuit,
1282 1170 1315 1236 N
1348 1169 1460 1236 littera

311 1277 412 1344 abest.
442 1276 547 1353 Quam
569 1283 680 1343 tamen
704 1279 782 1343 olim
802 1301 822 1343 a
839 1276 945 1362 lapide
964 1277 1085 1342 afuisse
1103 1275 1255 1342 credibile
1274 1298 1342 1342 non
1361 1275 1458 1362 est.*)

309 1383 359 1448 Ne
383 1384 469 1448 enim
489 1383 528 1449 de
546 1381 745 1450 LVBETES
764 1384 926 1469 scriptura
944 1384 1077 1468 cogites,
1099 1383 1161 1448 hoc
1180 1383 1349 1450 dissuadet
1364 1384 1458 1468 quod,

310 1491 371 1555 etsi
404 1491 471 1556 suis
503 1491 704 1575 temporibus
736 1492 861 1556 usitata
896 1490 1027 1556 fuerunt
1058 1487 1193 1556 OOSOL
1230 1488 1456 1556 OOSOLERE

310 1595 450 1662 OESOR
471 1597 700 1663 LANGESES
724 1596 954 1664 TERMESES
977 1602 1011 1664 et
1034 1597 1167 1682 similia,
1193 1602 1231 1662 ut
1258 1599 1294 1662 in
1316 1597 1456 1664 Pollauo

310 1703 407 1769 titulo
431 1701 661 1788 GOSENTIA,
691 1726 752 1770 nec
779 1705 937 1770 inusitata
960 1701 1126 1770 OOIVNX
1154 1705 1207 1769 rel
1230 1702 1457 1788 QVIOEILIS,

309 1816 420 1877 tamen
444 1817 519 1878 ante
543 1817 555 1876 t
576 1813 712 1879 extritae
735 1833 757 1878 n
779 1814 909 1878 litterae
933 1812 1132 1896 exemplum,
1155 1813 1250 1897 quale
1273 1811 1455 1878 DEDROT

309 1917 390 1984 illud
414 1923 464 1984 est
487 1920 522 1986 iu
545 1919 770 1986 vetustissima
789 1919 987 2002 Pisaurensi,
1010 1919 1076 1984 ista
1099 1918 1227 2003 quidem
1251 1922 1342 1984 aetas
1366 1921 1455 2005 igne

308 2030 369 2090 rat.
415 2025 505 2103 Quod
530 2045 630 2112 genus
655 2027 735 2091 satis
758 2025 825 2092 late
847 2031 964 2111 patens
988 2025 1041 2091 hie
1063 2026 1213 2110 persequi
1236 2025 1375 2110 longum
1399 2029 1455 2108 est,

299 2132 500 2216 praesertim
523 2154 595 2198 eum
620 2132 743 2216 aliquid
768 2131 991 2216 explicandum
1014 2135 1115 2197 restat
1137 2153 1201 2216 quo
1225 2155 1322 2216 supra
1345 2133 1456 2218 posita

309 2238 347 2301 de
375 2237 516 2304 miliario
544 2239 727 2324 Popilliano
759 2239 937 2322 disputatio
966 2238 1170 2324 suppleatur:
1206 2238 1292 2323 quod
1323 2239 1453 2324 quidem

309 2344 349 2408 ad
373 2342 720 2421 OONQVAEISIVEI
748 2346 887 2412 formam
915 2348 1051 2430 spectat.
1095 2345 1145 2410 Ao
1172 2345 1212 2412 de
1238 2345 1453 2431 triphthongo

307 2450 367 2515 illa
388 2473 455 2517 non
482 2452 586 2518 habeo
616 2451 700 2537 quod
729 2451 858 2518 addam:
891 2451 1018 2536 quando
1045 2451 1081 2517 in
1109 2452 1319 2536 inscriptione
1348 2453 1453 2540 sepul-

307 2558 386 2622 crali
419 2555 504 2643 apud
535 2560 660 2644 Lupum
697 2558 803 2625 Sever.
835 2565 930 2624 mart.
962 2581 993 2644 p.
1017 2560 1059 2626 88
1092 2562 1126 2624 et
1148 2559 1192 2624 94
1222 2581 1288 2626 uon
1319 2583 1452 2645 possum

307 2663 556 2732 GAEIOILIVS
589 2668 785 2752 scripturam
824 2687 896 2731 eum
928 2665 1117 2732 Furlauetto
1150 2687 1335 2750 agnoscere.
1393 2667 1451 2733 Sed

308 2771 385 2838 dum
412 2775 446 2838 iu
473 2774 536 2841 hoc
563 2796 684 2858 moror,
717 2773 839 2838 oblitus
868 2795 939 2838 sum
968 2773 1007 2837 de
1030 2773 1102 2856 ipsa
1125 2770 1450 2850 CONQVAESIVEI

307 2879 414 2944 forma
436 2877 541 2944 dicere
565 2902 623 2964 pro
641 2881 831 2962 conquesturi
853 2881 975 2966 posita:
998 2878 1125 2963 quando
1144 2879 1224 2946 haec
1242 2902 1372 2966 quoque
1390 2903 1451 2947 non

308 2984 370 3049 levi
395 2986 601 3069 antiquitatis
624 2986 745 3052 indicio
774 2993 833 3052 est.
878 2986 996 3070 Quam,
1024 2985 1052 3051 si
1080 2983 1222 3051 librarii·
1249 2987 1330 3053 fides
1359 2993 1451 3070 esset,

307 3094 384 3177 poet
411 3091 561 3158 Plautum
594 3115 614 3159 a
645 3094 773 3159 nemine
806 3117 875 3159 esse
908 3097 1098 3177 usurpatam
1131 3094 1323 3160 eredendum
1361 3098 1450 3162 esset

308 3197 511 3285 Quamquam
533 3223 598 3266 uon
622 3221 774 3287 magnam
799 3223 870 3266 eam
894 3201 989 3266 fidem
1013 3221 1097 3284 esse,
1123 3200 1187 3285 ipsi
1209 3199 1354 3268 Plautini
1377 3200 1450 3268 libri

395 3429 422 3498 ¹⁸)
441 3429 628 3501 [Contrarium
649 3429 749 3485 statuit
767 3429 936 3485 Bitschelius
955 3431 985 3484 P.
1001 3430 1030 3484 h.
1047 3430 1084 3486 Μ.
1100 3429 1130 3484 Ε.
1150 3429 1245 3484 Enarr.
1264 3449 1292 3500 p.
1305 3437 1353 3487 46:
1375 3431 1450 3488 ‘Ver-

308 3518 352 3574 sui
369 3525 385 3576 6
409 3521 533 3574 extremo
557 3519 670 3574 additae
689 3519 715 3574 N
738 3517 862 3586 litterae,
888 3535 972 3588 quam
990 3518 1115 3575 Henaeui
1133 3535 1196 3573 cum
1215 3519 1245 3574 in
1262 3519 1449 3578 ‹Bullettiuo›

308 3609 386 3665 ltom.
406 3625 431 3665 a.
444 3613 511 3662 1845
526 3626 553 3678 p.
566 3615 597 3663 71
618 3611 677 3663 tum
696 3608 725 3662 in
739 3608 836 3664 Museo
849 3608 938 3664 Rhcu.
958 3611 978 3666 t.
993 3609 1017 3664 V
1037 3629 1063 3679 p.
1079 3615 1112 3665 ⁷0
1132 3609 1260 3679 exempla
1277 3609 1450 3680 xylograplra

307 3699 453 3768 praestant
471 3696 647 3766 servavitque
665 3697 740 3752 idem
760 3696 844 3751 Orell.
865 3698 884 3751 t.
903 3697 943 3750 ΙΙΙ
961 3717 987 3753 n.
1003 3705 1081 3770 5733,
1100 3699 1208 3754 nullum
1226 3699 1256 3752 in
1274 3696 1449 3768 ullo'ectypo

308 3786 404 3856 (habui
427 3787 522 3842 autem
545 3785 608 3855 tria)
637 3785 787 3857 vestgium
810 3787 929 3856 repperi.
970 3786 1010 3841 Vt
1031 3805 1128 3859 reapse
1152 3788 1286 3858 scriptum
1309 3803 1369 3842 esec
1393 3787 1449 3842 Lv-

308 3875 424 3930 Baras
442 3875 579 3944 videatur,
598 3877 695 3931 contm
713 3877 799 3944 atque
813 3874 887 3931 Mon.
902 3875 989 3946 epigr.
1008 3879 1042 3932 tr.
1065 3895 1092 3946 p.
1110 3885 1143 3932 21
1164 3877 1311 3947 opinabar:
1340 3875 1448 3946 quando

307 3981 363 4018 nou
377 3965 469 4034 prisca
486 3966 596 4020 tantum
614 3966 708 4020 aetate
723 3964 872 4019 DEDROT
891 3966 921 4020 et
933 3965 1052 4021 fortasse
1067 3965 1228 4034 unusve,
1247 3965 1397 4020 sedetiam
1412 3980 1449 4018 rc·

308 4053 430 4109 candore
455 4053 560 4110 Vicetia
578 4053 807 4121 (VlllCllTlNOS
828 4054 917 4108 habes
940 4054 997 4110 tab.
1012 4053 1061 4109 LV
1076 4057 1109 4121 Β)
1134 4055 1268 4125 scriptum
1296 4057 1351 4124 eat,
1377 4059 1407 4110 et
1428 4051 1449 4106 si

307 4157 379 4210 quae
399 4145 463 4198 sunt
481 4141 584 4198 similia
603 4145 635 4198 ut
652 4141 818 4197 PARETES
837 4143 1101 4198 utrumnum:
1128 4142 1234 4208 Quibus
1252 4142 1324 4197 adda
1339 4142 1368 4198 in
1383 4143 1447 4212 Sup-

308 4229 391 4297 plem.
408 4230 504 4288 Enarr.
523 4251 549 4302 p.
567 4237 616 4287 105
635 4231 751 4301 scripta:
772 4231 880 4306 ‘Enqra
898 4249 926 4302 p.
937 4238 971 4287 46
990 4248 1045 4287 non
1064 4235 1139 4287 reete
1158 4231 1231 4287 sensi
1244 4231 1279 4286 de
1291 4231 1447 4286 VEICETI·

309 4316 380 4372 NOS
399 4319 549 4390 scriptura,
578 4337 661 4390 quam
681 4320 772 4390 ipsam
791 4337 887 4376 veram
905 4324 934 4376 et
952 4321 1098 4390 antiquam
1117 4319 1236 4377 nominis
1254 4319 1374 4376 formam
1393 4337 1447 4375 esso

308 4423 372 4460 oum
391 4408 441 4462 alii
459 4409 612 4464 docuerant
629 4427 647 4465 a
665 4427 708 4466 me
728 4409 850 4480 neglecti
863 4411 924 4466 tum
938 4409 1035 4464 dedita
1048 4425 1134 4480 opera
1147 4413 1251 4466 memet
1264 4409 1447 4465 Mommsenua

308 4494 422 4552 edocuit
439 4497 528 4552 Musei
545 4497 634 4556 Rhea.
654 4501 673 4554 t.
694 4497 758 4552 XVI
776 4516 803 4568 p.
818 4503 869 4553 303
885 4499 938 4568 sq!
977 4497 1006 4553 Ο.
1021 4497 1078 4569 W.]
