2948 5048
434 354 610 407 ronronn
629 356 773 439 nassum
798 357 943 404 rosrsa.
1215 340 1257 404 31

109 495 184 560 nius
213 496 434 591 omittebatur.
480 497 661 563 Permirum
689 503 740 564 est
768 504 876 565 autem
901 500 942 564 ab
967 521 1183 583 eorumquae
1211 521 1258 564 se-

110 607 227 668 cuntur
249 603 349 687 plana
372 608 406 668 et
427 606 610 670 necessaria
633 607 792 671 sententia
810 610 937 670 tantum
957 607 1107 671 aberrare
1122 605 1259 670 Momm-

112 710 240 774 senium
263 711 416 795 potuisse.
462 712 580 777 Levius
609 716 660 776 est
687 712 771 797 quod
800 714 853 777 vix
882 714 1093 796 potest-ortuo
1119 714 1259 796 scopulus

111 818 175 882 dici
199 842 259 904 pro
281 820 413 901 scopulis
434 821 523 903 atae,
546 819 601 884 ubi
626 819 756 904 quidem
780 820 958 904 generatim
980 820 1155 904 loquimur3
1187 841 1258 904 gra·
1293 904 1296 909 Δ

112 925 184 989 vius
208 926 294 1009 quod
316 948 430 1010 parum
455 926 621 991 commode
645 927 741 990 binae
766 926 944 990 sententiae
968 932 1093 1010 coeunt,
1123 949 1259 1011 quarum

112 1031 217 1095 altera
240 1036 353 1116 portus
376 1032 406 1096 ei
430 1054 499 1097 esse
523 1036 657 1117 paratus
681 1033 814 1116 dicatur,
838 1054 933 1116 quem
952 1033 1055 1097 altera
1073 1035 1153 1099 mire
1172 1039 1260 1099 vetet

114 1137 201 1201 vitae
225 1139 392 1204 molestias
422 1139 472 1204 rel
499 1139 641 1223 pericula
670 1137 725 1223 (an
749 1140 851 1204 vitam
877 1143 990 1223 utpote
1014 1140 1184 1205 molestam
1209 1142 1258 1206 rel

112 1245 324 1328 periculosam
332 1245 362 1330 l)
386 1247 489 1338 nimis,
507 1247 667 1311 tenaciter
691 1247 852 1330 amplecti.
892 1246 995 1312 lmmo
1019 1248 1183 1312 contraria
1206 1249 1259 1312 de-

112 1372 202 1416 mum
225 1352 423 1436 cogitatione
451 1352 591 1418 efficitur
619 1360 656 1418 ut
684 1376 780 1418 sanus
811 1353 889 1418 ordo
918 1353 1151 1418 sententiarum
1178 1355 1259 1420 invi-

112 1479 181 1521 cem
205 1457 267 1522 sibi
295 1459 472 1524 relatarum
499 1459 648 1543 prodeat:
681 1482 746 1524 non
769 1460 852 1523 'sunt
879 1459 964 1522 vitae
993 1459 1137 1542 pericula
1161 1461 1259 1525 nimis

112 1565 360 1648 extimescenda,
383 1588 455 1630 cum
479 1588 517 1630 ex
543 1567 590 1630 eis
614 1565 800 1650 emergendi
824 1568 912 1629 certa
936 1565 989 1628 via
1011 1569 1129 1649 pateat.
1170 1568 1259 1653 Ergo

112 1675 193 1737 nota
225 1671 295 1755 illa,
327 1694 423 1756 quam
451 1671 685 1737 Mommsenius
723 1672 890 1737 dimidiam
923 1676 1050 1755 partem
1080 1691 1103 1737 N
1133 1673 1259 1739 litterae

111 1779 345 1862 interpretatus
369 1782 428 1861 est,
451 1796 475 1841 u
499 1778 627 1843 litterae
651 1780 759 1861 potius
784 1779 923 1863 vestigia
947 1783 1075 1843 servata
1099 1802 1169 1844 esse
1193 1803 1259 1846 cre·

111 1885 227 1970 dimus,
242 1882 276 1951 et
288 1884 425 1950 totidem
439 1886 505 1949 iere
525 1886 641 1949 litteris
656 1890 825 1950 exaratum
839 1885 938 1949 fuisse
957 1903 1003 1949 Na
1015 1921 1020 1932 ·
1032 1903 1110 1962 QVIS
1121 1922 1127 1934 ·
1139 1905 1259 1952 VITAE·

110 2009 296 2057 soorr'ros·
312 2010 478 2058 ronanam.
529 1992 675 2074 Scopam
708 1994 793 2057 enim
826 1992 965 2057 formam
993 2014 1127 2077 eamque
1155 1995 1259 2079 ipsam

110 2098 293 2164 inauditam
317 2122 373 2165 our
395 2100 453 2164 ille
480 2100 639 2184 expetisse
665 2100 820 2182 videatur,
852 2103 959 2164 tacere
987 2121 1084 2184 quam
1106 2122 1259 2185 quaerere

111 2211 268 2290 praestat.
297 2206 449 2272 Proximo
465 2228 560 2270 versu
575 2206 624 2271 vel
644 2229 664 2270 a
682 2205 860 2270 sententiae
880 2204 1024 2269 exilitate
1042 2207 1260 2274 reiectaneum

109 2317 162 2377 est
184 2314 212 2377 ea'
234 2317 325 2394 aare
347 2313 502 2394 madius,
535 2333 594 2376 neo
622 2311 835 2376 dubitandum
864 2312 941 2395 quin
970 2312 1004 2376 in
1032 2330 1113 2377 nmo
1142 2314 1259 2379 litteris

110 2419 200 2483 aliud
215 2418 381 2503 quippiam
395 2419 506 2483 lateat
529 2417 604 2483 Non
619 2439 734 2501 capere
754 2417 888 2482 lacunae
903 2417 1043 2481 ambitus
1057 2419 1119 2483 hoc
1134 2420 1261 2504 supple·

109 2528 257 2589 mentum
285 2525 423 2590 videtur:
453 2542 640 2589 rnacrnrs·
657 2541 814 2588 onrrssvs.
859 2521 975 2607 Itaque
1003 2542 1024 2587 n
1052 2523 1133 2587 illud
1161 2524 1259 2588 inter-

109 2634 280 2715 pretamur
302 2649 337 2714 r,
361 2650 374 2694 1
397 2635 506 2695 autem
530 2648 564 2714 n,
593 2634 757 2713 postremo
782 2647 802 2694 o
827 2629 974 2714 (prorsus
998 2634 1035 2694 ut
1054 2653 1081 2694 v.
1096 2629 1117 2694 5
1135 2630 1168 2694 in
1187 2630 1259 2714 ipso

108 2737 219 2822 lapide
242 2737 337 2803 hodie
365 2754 619 2803 rnnnsrvncra
642 2736 762 2822 exstat)
786 2738 894 2820 potius
918 2754 955 2818 o,
982 2736 1062 2802 haec
1085 2740 1123 2801 ut
1144 2743 1260 2820 poetae

110 2866 228 2909 manus
261 2845 317 2909 sit:
354 2862 488 2910 Poarvs
504 2881 509 2893 ·
527 2862 808 2928 runcinarum,
840 2844 893 2935 hic
926 2866 1053 2928 quoque
1085 2843 1258 2909 Mommse-

109 2953 203 3017 niani
221 2953 439 3037 supplementi
458 2953 587 3019 modulo
602 2952 857 3036 diligentissime
876 2956 1013 3016 servato.
1045 2952 1153 3035 Atque
1175 2973 1259 3016 nunc

110 3058 241 3123 demum
260 3042 536 3144 elegantissimam
556 3059 832 3143 comparationem
852 3058 938 3121 nacti
954 3080 1077 3141 sumus,
1100 3079 1181 3141 quae
1196 3058 1259 3122 sibi

110 3167 185 3249 ipsa
208 3187 265 3249 per
288 3166 436 3250 singulas
459 3171 569 3250 partes
592 3171 678 3230 reete
702 3169 838 3230 constet.
877 3163 1008 3228 Etenim
1029 3165 1139 3246 setulas
1161 3166 1260 3229 exitus

110 3272 168 3336 ille
191 3294 257 3337 non
281 3275 410 3356 spectat
432 3270 472 3335 ad
495 3271 601 3335 locum
625 3271 659 3334 in
683 3292 778 3353 quem
803 3270 916 3353 exitur,
945 3271 1000 3334 sed
1029 3269 1112 3334 unde
1140 3271 1258 3356 exitur3

110 3400 172 3443 nec
200 3378 287 3444 enim
318 3376 480 3442 discessus
509 3377 547 3441 de
576 3378 644 3441 vita
675 3377 893 3460 significatur,
925 3398 1036 3441 verum
1064 3378 1126 3456 iter
1153 3377 1259 3460 ingre-

111 3485 269 3550 dientium
292 3488 327 3548 et
345 3506 462 3550 navem
480 3483 674 3548 solventium
694 3483 801 3548 abitus
821 3505 840 3547 a
858 3486 946 3546 terra
962 3483 1259 3567 minitabundisque

111 3592 214 3656 maris
237 3590 379 3674 scopulis
403 3589 533 3655 obviam
557 3589 631 3655 itio:
655 3589 750 3673 plane
774 3593 812 3653 ut
834 3588 919 3672 apud
938 3589 1122 3654 Lucretium
1140 3589 1165 3671 Ι,
1182 3591 1259 3655 101:

110 3698 228 3762 Exitus
262 3702 299 3762 ut
329 3697 421 3762 classi
444 3697 522 3777 felic
547 3697 729 3777 faustusque
759 3697 893 3760 duretur.
949 3693 1019 3760 Hoc
1048 3696 1148 3781 igitur
1177 3695 1257 3761 dicit
1267 3709 1312 3750 XV

110 3810 225 3888 poeta:
248 3803 340 3868 nasci
363 3802 463 3867 fatale
486 3807 546 3885 est,
568 3824 635 3867 non
657 3803 748 3866 nasci
772 3802 805 3865 in
825 3801 945 3866 nullius
965 3805 1127 3885 potestate
1147 3803 1259 3886 situm3

109 3911 169 3975 sed
199 3910 280 3975 illud
310 3910 344 3973 in
371 3903 474 3973 libera
502 3908 765 3991 uniuscuiusque,
797 3909 830 3973 id
858 3910 913 3993 qui
936 3910 1065 3990 placitet,
1097 3912 1259 3993 potestate

108 4018 264 4104 positum,
279 4021 355 4100 post
372 4038 438 4081 non
456 4015 676 4080 voluntarium
695 4020 826 4099 partum
844 4037 971 4079 rursum
989 4015 1128 4079 denusci.
1152 4012 1259 4079 Simil-

109 4125 226 4189 limum
254 4146 320 4190 non
348 4144 413 4188 uno
441 4124 572 4188 nomine
602 4120 766 4188 Ciceronis
794 4121 1039 4205 apophthegma
1067 4122 1191 4188 alibro
1222 4122 1259 4187 de

108 4230 334 4297 consolatione
357 4233 584 4313 expromptum
608 4250 627 4292 a
645 4227 816 4293 Lactantio
839 4226 911 4292 Div.
927 4227 1005 4293 Inst.
1023 4227 1082 4311 III,
1099 4229 1138 4292 19
1168 4232 1188 4309 ᾖ
1206 4230 1259 4294 14:

110 4338 188 4403 Noa
205 4338 292 4402 acaci
310 4337 398 4418 usqe
417 4338 575 4417 optimam,
597 4356 651 4400 acc
673 4337 709 4400 ia
725 4335 780 4400 uos
802 4335 973 4416 scopulos
995 4336 1127 4400 incidere
1144 4336 1259 4413 vitum

102 4445 289 4529 monimum
311 4448 428 4522 aowin,
450 4445 478 4510 si
500 4448 594 4508 irotm
616 4444 674 4526 sis,
695 4464 790 4525 quoru
809 4443 949 4524 prunum
972 4447 1131 4525 tamquam
1153 4463 1190 4531 ccc
1211 4442 1259 4506 ia-
