3048 5144
449 395 636 443 urnrlarvu
660 396 908 444 rorrnmauvn.
1194 381 1255 446 123

86 537 191 600 semel
219 537 316 603 eirca
339 561 368 602 a.
384 539 449 603 614
473 537 715 615 OLLEISQVE
732 538 1001 606 -HOMINIBVS
1027 541 1182 626 scriptum
1205 545 1256 607 est

85 643 119 708 in
142 644 226 730 lege
253 642 424 727 Cornelia,
452 646 552 712 semel
575 649 612 712 ut
636 646 762 713 videtur
785 646 939 712 OLLEIS
953 683 960 698 ·
976 646 1164 736 LEGIBVS
1179 683 1184 696 ·
1199 648 1255 713 IL-

85 749 189 816 LEIS
207 787 214 799 ·
233 750 511 818 REGIONIBVS
533 754 568 818 in
592 754 794 822 dedicatione
817 755 881 820 vici
903 755 1069 820 Furfensis
1093 756 1255 828 annisus

85 879 116 922 u.
136 859 237 925 2488
263 859 321 925 Or.
358 860 442 926 6011
469 859 618 926 Momms.
648 859 803 942 [(11.1.
831 863 900 929 ln
920 863 998 945 603;
1035 859 1069 926 P.
1093 860 1128 927 L.
1151 861 1194 926 M.
1218 861 1256 927 11.

86 965 154 1030 tab.
174 965 371 1048 LXXXHJ.
418 967 534 1045 Qualia
557 972 667 1034 tamen
686 989 755 1035 csse
780 991 884 1053 pauca
908 969 982 1034 acio.
1018 968 1105 1034 Nam
1124 969 1256 1053 nequis

86 1072 125 1136 de
150 1073 354 1158 antiquiore
378 1077 485 1140 aetate
512 1075 601 1140 tituli
623 1075 833 1142 Laodicensis
857 1077 992 1164 cogitet,
1023 1076 1142 1161 quippe
1165 1077 1256 1141 ouius

87 1179 242 1245 similem
272 1185 309 1245 61
331 1185 369 1246 61
391 1180 518 1246 videtur
545 1183 691 1264 tempore
719 1182 888 1266 aequalem
915 1181 1089 1267 Lyciorum
1116 1183 1257 1266 titulum,

88 1287 144 1372 qui
171 1292 232 1353 est
257 1289 296 1352 in
321 1287 356 1354 O.
379 1288 404 1354 Ι.
428 1286 483 1353 Gr.
505 1310 536 1353 n.
555 1288 644 1354 5880
669 1287 717 1370 [C.
740 1289 765 1355 Ι.
787 1288 823 1355 L.
846 1289 864 1354 Ι
885 1311 916 1355 6.
936 1289 1030 1374 589),
1063 1289 1103 1356 ad
1136 1311 1256 1356 annum

86 1394 171 1460 adeo
200 1393 275 1460 586
305 1394 445 1460 Ioannes
468 1394 621 1460 Franzius
644 1419 675 1480 p.
696 1397 759 1462 168
787 1397 964 1480 1611616111,
995 1396 1090 1462 facile
1121 1402 1259 1482 apparet

86 1502 296 1585 peritiorem
319 1523 455 1588 graecae
477 1503 570 1568 illum
590 1524 687 1587 quam
712 1503 834 1569 latinae
852 1503 1076 1589 epigraphicaa
1098 1505 1257 1570 arbitrum

88 1609 209 1674 fuisse.

184 1715 322 1792 Quarto
345 1716 416 1782 loco
440 1716 517 1782 nolo
541 1716 671 1782 silentio
690 1703 771 1782 AEI
790 1717 1029 1804 diphthongum
1053 1719 1257 1802 praetermit-

87 1829 172 1907 tere,
200 1824 278 1888 sive
302 1822 553 1910 triphthongum
578 1823 741 1908 appellare
765 1825 874 1889 malea.
908 1821 957 1888 De
982 1847 1046 1909 qua
1069 1825 1131 1890 etsi
1154 1825 1258 1890 multa

89 1930 156 1996 dici
184 1952 259 1996 non
285 1934 433 2015 possunt,
456 1952 528 1996 cum
547 1930 733 1996 rarissimus
753 1931 821 1996 eius
840 1953 916 1995 usus
935 1929 992 2014 sit,
1015 1935 1125 1996 tamen
1142 1934 1180 1996 ut
1199 1954 1258 1996 nec

90 2039 157 2103 soli
191 2037 291 2102 casui
323 2038 376 2102 vel
405 2037 506 2103 errori
535 2037 679 2103 tribuam
711 2059 771 2102 nec
803 2037 890 2102 ultra
923 2037 1084 2103 modicum
1116 2039 1258 2123 spatium

90 2145 225 2212 saeculi
251 2145 384 2229 septimi
409 2145 587 2230 porrigam,
610 2143 692 2208 illud
716 2147 913 2228 1116166161,
944 2143 1028 2229 quod
1052 2143 1118 2209 alia
1140 2145 1174 2209 in
1196 2145 1259 2211 hoc

90 2273 222 2338 genere
246 2273 338 2316 nova
360 2249 445 2315 circa
462 2250 496 2316 id
514 2254 643 2335 tempus
662 2251 848 2319 introducta
867 2255 943 2316 sunt
960 2273 1028 2317 non
1047 2251 1176 2318 aliunde
1194 2254 1259 2320 nisi

91 2361 236 2424 666116
261 2356 434 2442 disciplina
462 2357 677 2442 grammatica
704 2358 893 2443 repetenda,
926 2380 1008 2443 quae
1036 2359 1166 2443 quidem
1193 2382 1258 2426 non

92 2467 239 2531 durasse
263 2465 352 2530 ultra
374 2463 516 2530 medium
540 2465 704 2530 saeculum
727 2464 862 2530 videam.
909 2465 1017 2550 Atque
1040 2465 1136 2550 longe
1160 2467 1259 2550 aptis-

93 2575 240 2656 simum,
266 2571 353 2657 quod
376 2593 448 2638 cum
467 2569 850 2658 OONQVAEISIVEI*)
870 2576 1085 2657 comparetur,
1107 2571 1191 2638 illud
1209 2578 1260 2639 est

93 2679 189 2765 quod
214 2701 304 2744 anuo
329 2679 393 2744 613
422 2675 670 2744 CAEICILIVS
696 2682 865 2744 exaratum
893 2683 944 2744 est
970 2678 1005 2743 in
1027 2675 1259 2746 Patavinorum

93 2787 400 2871 Abstinorumqua
423 2785 531 2871 lapide
555 2808 575 2850 a
596 2785 787 2850 Furlanetto
810 2783 915 2850 Musei
934 2784 1003 2849 Est.
1022 2807 1053 2868 p.
1068 2784 1110 2849 29
1130 2790 1163 2851 et
1180 2786 1259 2872 Lap.

96 2895 172 2959 Pat.
196 2917 232 2978 p.
254 2894 295 2958 18
320 2893 500 2977 publicato,
524 2896 674 2958 enarratu
699 2893 807 2956 autem
831 2913 851 2955 a
871 2889 1052 2975 Borghesio
1070 2890 1159 2958 Diar.
1181 2892 1286 2960 Iuste
1339 2943 1343 2954 .

96 2999 193 3066 arch.
217 3022 248 3065 a.
276 2999 362 3064 1833
390 3022 421 3083 p.
447 2999 509 3065 103
540 2998 588 3081 [c.
615 2997 640 3064 1.
662 2997 736 3062 61
764 3019 795 3061 n.
820 2995 900 3079 54⁷3
937 2996 971 3061 1.
1000 2996 1034 3062 1..
1061 2998 1105 3064 M.
1128 2999 1167 3076 s.
1194 2999 1260 3067 61.
1349 2997 1353 3005 “
1408 2981 1412 2988 ’

98 3106 197 3172 LVII
218 3107 267 3190 A,
300 3104 509 3186 1111111111).
555 3104 626 3181 Quo
649 3105 771 3170 accedit
794 3127 811 3169 e
834 3125 966 3169 nummo
990 3101 1121 3170 Cassiae
1145 3107 1261 3193 gentis,

100 3213 301 3278 vetustioris
325 3217 361 3278 61
383 3211 534 3278 credibile
553 3217 604 3278 est
622 3211 864 3278 consuetudinis
883 3215 1120 3295 conservatore,
1143 3213 1260 3279 urul-

100 3319 254 3386 elanus
281 3339 476 3405 cognomen,
513 3319 599 3404 apud
625 3319 899 3403 Havcrcampium
927 3319 1032 3403 618,
1069 3319 1261 3386 Eckhelium

100 3452 132 3512 p.
154 3426 238 3510 165,
271 3423 417 3490 Ricoium
441 3425 506 3490 tab.
525 3425 602 3510 XII,
627 3428 647 3490 6
676 3423 768 3513 (uam
797 3425 832 3489 in
859 3426 1100 3492 commentariis
1123 3448 1154 3510 p.
1177 3428 1260 3492 491

102 3533 253 3599 litteram
276 3531 445 3617 neglexit),
468 3534 567 3612 [nunc
590 3532 623 3597 16
647 3530 682 3598 C.
701 3530 725 3597 I.
739 3530 775 3596 L.
798 3531 814 3596 1
837 3555 868 3597 n.
882 3531 972 3613 3181
1008 3532 1132 3609 Quibus
1155 3555 1259 3599 exem-

101 3641 169 3726 plis
192 3639 344 3706 additum
368 3661 387 3704 a
406 3637 597 3704 Furlanetto
617 3661 633 3703 e
653 3639 750 3724 longe
769 3638 960 3723 posterioris
979 3639 1051 3704 aevi
1066 3637 1261 3706 Gruteriana

103 3771 132 3832 p.
151 3747 245 3831 44‚2
269 3744 448 3810 CAEILIO
472 3768 570 3830 quam
593 3745 690 3810 fidem
713 3745 843 3829 habeat,
863 3744 1099 3829 incompertum
1124 3745 1238 3832 est.**)

192 3851 305 3918 Venio
319 3852 362 3917 ad
375 3850 586 3918 POPLICVS
602 3851 741 3917 fonnam
757 3855 810 3916 sat
823 3854 966 3916 remotae
981 3851 1099 3916 aetatis
1113 3851 1261 3936 indicem,

103 3961 240 4045 eiusque
263 3979 333 4024 non
352 3957 459 4023 dubiis
471 3957 593 4024 finibus
613 3958 825 4024 arccentiore
845 3957 1078 4024 consuetudine
1092 3957 1260 4024 discretae.

192 4155 220 4221 ⁸)
240 4151 329 4222 [Vide
348 4150 422 4207 infra
439 4169 466 4222 p.
486 4159 517 4207 21
540 4153 623 4222 (140).
661 4151 690 4206 0.
709 4151 767 4222 W.]

172 4245 218 4310 **)
239 4239 486 4313 [0111661611.
511 4260 537 4312 p.
554 4247 587 4296 51
612 4244 642 4297 et
663 4240 755 4296 Musei
773 4241 861 4296 Rhea.
885 4243 904 4296 t.
924 4239 1002 4295 XXII
1026 4259 1053 4310 p.
1069 4245 1121 4294 612
1147 4240 1262 4312 (Opuso.

104 4333 140 4387 111
158 4350 186 4402 p.
205 4333 282 4398 725),
302 4330 352 4384 nbi
371 4329 661 4388 addiditltitschelius
680 4347 754 4386 nova
771 4330 854 4386 huius
869 4331 1023 4401 scripturae
1038 4330 1166 4399 exempla
1179 4330 1260 4386 haec:

103 4420 262 4476 caulone
280 4417 362 4474 tituli
381 4417 498 4488 Hispani
516 4418 557 4488 ((1.
578 4421 598 4475 Ι.
620 4419 648 4472 L.
667 4420 680 4473 1
700 4437 725 4474 n.
744 4419 822 4484 14⁷8)
842 4417 1088 4474 scelerumve
1107 4419 1136 4472 in
1154 4419 1262 4474 tabella

104 4511 216 4568 insulsa
235 4507 384 4564 Maiorcaa
403 4507 442 4580 (G.
459 4509 480 4567 1.
498 4509 528 4566 L.
547 4510 560 4564 I
578 4510 711 4577 61181).
749 4507 778 4563 O.
796 4507 852 4578 W.]
