<?xml version="1.0" encoding="UTF-8"?>
<!DOCTYPE html PUBLIC "-//W3C//DTD XHTML 1.0 Transitional//EN"
    "http://www.w3.org/TR/xhtml1/DTD/xhtml1-transitional.dtd">
<html xmlns="http://www.w3.org/1999/xhtml" xml:lang="en" lang="en">
 <head>
  <title>
</title>
<meta http-equiv="Content-Type" content="text/html;charset=utf-8" />
  <meta name='ocr-system' content='tesseract 3.04.00' />
  <meta name='ocr-capabilities' content='ocr_page ocr_carea ocr_par ocr_line ocrx_word'/>
</head>
<body>
  <div class='ocr_page' id='page_1' title='image "./fridericiritsch03wachgoog/fridericiritsch03wachgoog_0134.png"; bbox 0 0 3048 5144; ppageno 0'>
   <div class='ocr_carea' id='block_1_1' title="bbox 470 369 1233 446">
    <p class='ocr_par' dir='ltr' id='par_1_1' title="bbox 470 369 1233 446">
     <span class='ocr_line' id='line_1_1' title="bbox 470 369 1233 446; baseline -0.003 -2"><span class='ocrx_word' id='word_1_1' title='bbox 470 369 618 446; x_wconf 77' lang='lat' dir='ltr'><strong>r&#39;rrvnvs</strong></span> <span class='ocrx_word' id='word_1_2' title='bbox 643 397 860 445; x_wconf 73' lang='lat' dir='ltr'><strong>uvumauvs.</strong></span> <span class='ocrx_word' id='word_1_3' title='bbox 1171 378 1233 442; x_wconf 88' lang='grc'><strong>109</strong></span> 
     </span>
    </p>
   </div>
   <div class='ocr_carea' id='block_1_2' title="bbox 75 536 1233 710">
    <p class='ocr_par' dir='ltr' id='par_1_2' title="bbox 75 536 1233 710">
     <span class='ocr_line' id='line_1_2' title="bbox 76 536 1233 622; baseline -0.002 -20"><span class='ocrx_word' id='word_1_4' title='bbox 76 539 152 618; x_wconf 67' lang='lat' dir='ltr'><strong>Quis</strong></span> <span class='ocrx_word' id='word_1_5' title='bbox 168 545 269 619; x_wconf 74' lang='lat' dir='ltr'><strong>pater</strong></span> <span class='ocrx_word' id='word_1_6' title='bbox 290 541 351 602; x_wconf 78' lang='lat' dir='ltr'><strong>ortt</strong></span> <span class='ocrx_word' id='word_1_7' title='bbox 369 539 515 622; x_wconf 80' lang='lat' dir='ltr'><strong>copndtus</strong></span> <span class='ocrx_word' id='word_1_8' title='bbox 538 541 619 605; x_wconf 76' lang='lat' dir='ltr'><strong>notet</strong></span> <span class='ocrx_word' id='word_1_9' title='bbox 634 561 691 606; x_wconf 81' lang='lat' dir='ltr'><strong>uos</strong></span> <span class='ocrx_word' id='word_1_10' title='bbox 708 542 814 605; x_wconf 77' lang='lat' dir='ltr'><strong>eontra</strong></span> <span class='ocrx_word' id='word_1_11' title='bbox 838 539 924 616; x_wconf 65' lang='lat' dir='ltr'><strong>caea,</strong></span> <span class='ocrx_word' id='word_1_12' title='bbox 949 558 1030 621; x_wconf 90' lang='lat' dir='ltr'><strong>quae</strong></span> <span class='ocrx_word' id='word_1_13' title='bbox 1053 536 1099 600; x_wconf 86' lang='lat' dir='ltr'><strong>sie</strong></span> <span class='ocrx_word' id='word_1_14' title='bbox 1123 536 1233 621; x_wconf 83' lang='lat' dir='ltr'><strong>digero</strong></span> 
     </span>
     <span class='ocr_line' id='line_1_3' title="bbox 75 644 411 710; baseline 0 -2"><span class='ocrx_word' id='word_1_15' title='bbox 75 644 229 708; x_wconf 74' lang='lat' dir='ltr'><strong>iambicis</strong></span> <span class='ocrx_word' id='word_1_16' title='bbox 245 645 411 710; x_wconf 86' lang='lat' dir='ltr'><strong>numeris:</strong></span> 
     </span>
    </p>
   </div>
   <div class='ocr_carea' id='block_1_3' title="bbox 188 787 1111 959">
    <p class='ocr_par' dir='ltr' id='par_1_3' title="bbox 188 787 1111 959">
     <span class='ocr_line' id='line_1_4' title="bbox 189 787 1111 872; baseline -0.002 -21"><span class='ocrx_word' id='word_1_17' title='bbox 189 837 198 851; x_wconf 97' lang='lat'><strong>.</strong></span> <span class='ocrx_word' id='word_1_18' title='bbox 248 838 256 852; x_wconf 96' lang='lat'><strong>.</strong></span> <span class='ocrx_word' id='word_1_19' title='bbox 303 839 311 852; x_wconf 92' lang='lat'><strong>.</strong></span> <span class='ocrx_word' id='word_1_20' title='bbox 368 787 454 872; x_wconf 90' lang='lat' dir='ltr'><strong>quis</strong></span> <span class='ocrx_word' id='word_1_21' title='bbox 477 811 546 853; x_wconf 91' lang='lat' dir='ltr'><strong>nos</strong></span> <span class='ocrx_word' id='word_1_22' title='bbox 570 791 682 871; x_wconf 89' lang='lat' dir='ltr'><strong>pa&#39;ter</strong></span> <span class='ocrx_word' id='word_1_23' title='bbox 704 793 768 853; x_wconf 90' lang='lat' dir='ltr'><strong>ant</strong></span> <span class='ocrx_word' id='word_1_24' title='bbox 791 789 979 872; x_wconf 75' lang='lat' dir='ltr'><strong>cognatus</strong></span> <span class='ocrx_word' id='word_1_25' title='bbox 1003 787 1111 850; x_wconf 93' lang='lat' dir='ltr'><strong>uolet</strong></span> 
     </span>
     <span class='ocr_line' id='line_1_5' title="bbox 188 892 493 959; baseline 0.007 -2"><span class='ocrx_word' id='word_1_26' title='bbox 188 892 344 959; x_wconf 71' lang='lat' dir='ltr'><strong>Contra</strong></span> <span class='ocrx_word' id='word_1_27' title='bbox 367 895 493 959; x_wconf 79' lang='lat' dir='ltr'><strong>tueri?</strong></span> 
     </span>
    </p>
   </div>
   <div class='ocr_carea' id='block_1_4' title="bbox 74 1034 1351 3058">
    <p class='ocr_par' dir='ltr' id='par_1_4' title="bbox 74 1034 1351 3058">
     <span class='ocr_line' id='line_1_6' title="bbox 75 1034 1235 1122; baseline 0.001 -24"><span class='ocrx_word' id='word_1_28' title='bbox 75 1057 192 1100; x_wconf 76' lang='lat' dir='ltr'><strong>caussa</strong></span> <span class='ocrx_word' id='word_1_29' title='bbox 213 1036 352 1120; x_wconf 88' lang='lat' dir='ltr'><strong>quidem</strong></span> <span class='ocrx_word' id='word_1_30' title='bbox 381 1041 479 1120; x_wconf 88' lang='lat' dir='ltr'><strong>atque</strong></span> <span class='ocrx_word' id='word_1_31' title='bbox 510 1038 636 1102; x_wconf 88' lang='lat' dir='ltr'><strong>ratione</strong></span> <span class='ocrx_word' id='word_1_32' title='bbox 660 1037 735 1120; x_wconf 88' lang='lat' dir='ltr'><strong>hac,</strong></span> <span class='ocrx_word' id='word_1_33' title='bbox 769 1038 854 1122; x_wconf 91' lang='lat' dir='ltr'><strong>quod</strong></span> <span class='ocrx_word' id='word_1_34' title='bbox 881 1038 963 1103; x_wconf 88' lang='lat' dir='ltr'><strong>istae</strong></span> <span class='ocrx_word' id='word_1_35' title='bbox 985 1038 1091 1102; x_wconf 86' lang='lat' dir='ltr'><strong>aetate</strong></span> <span class='ocrx_word' id='word_1_36' title='bbox 1115 1034 1235 1118; x_wconf 78' lang='lat' dir='ltr'><strong>corripi</strong></span> 
     </span>
     <span class='ocr_line' id='line_1_7' title="bbox 76 1141 1235 1227; baseline 0.002 -24"><span class='ocrx_word' id='word_1_37' title='bbox 76 1143 227 1222; x_wconf 84' lang='lat' dir='ltr'><strong>potuisse</strong></span> <span class='ocrx_word' id='word_1_38' title='bbox 247 1147 359 1206; x_wconf 81' lang='lat' dir='ltr'><strong>contra</strong></span> <span class='ocrx_word' id='word_1_39' title='bbox 376 1163 470 1227; x_wconf 83' lang='lat' dir='ltr'><strong>nego.</strong></span> <span class='ocrx_word' id='word_1_40' title='bbox 506 1142 592 1208; x_wconf 89' lang='lat' dir='ltr'><strong>Nam</strong></span> <span class='ocrx_word' id='word_1_41' title='bbox 610 1165 670 1226; x_wconf 86' lang='lat' dir='ltr'><strong>pro</strong></span> <span class='ocrx_word' id='word_1_42' title='bbox 690 1143 748 1208; x_wconf 92' lang='lat' dir='ltr'><strong>iIIo</strong></span> <span class='ocrx_word' id='word_1_43' title='bbox 766 1141 927 1225; x_wconf 81' lang='lat' dir='ltr'><strong>Enniano,</strong></span> <span class='ocrx_word' id='word_1_44' title='bbox 950 1147 987 1207; x_wconf 90' lang='lat' dir='ltr'><strong>ut</strong></span> <span class='ocrx_word' id='word_1_45' title='bbox 1004 1146 1129 1226; x_wconf 88' lang='lat' dir='ltr'><strong>putant,</strong></span> <span class='ocrx_word' id='word_1_46' title='bbox 1149 1142 1235 1225; x_wconf 85' lang='lat' dir='ltr'><strong>apud</strong></span> 
     </span>
     <span class='ocr_line' id='line_1_8' title="bbox 76 1245 1236 1333; baseline 0.001 -22"><span class='ocrx_word' id='word_1_47' title='bbox 76 1245 230 1311; x_wconf 84' lang='lat' dir='ltr'><strong>Servium</strong></span> <span class='ocrx_word' id='word_1_48' title='bbox 260 1248 296 1312; x_wconf 92' lang='lat' dir='ltr'><strong>in</strong></span> <span class='ocrx_word' id='word_1_49' title='bbox 322 1249 402 1313; x_wconf 84' lang='lat' dir='ltr'><strong>Aen.</strong></span> <span class='ocrx_word' id='word_1_50' title='bbox 426 1248 515 1332; x_wconf 85' lang='lat' dir='ltr'>VIII,</span> <span class='ocrx_word' id='word_1_51' title='bbox 543 1249 605 1313; x_wconf 87' lang='lat'><strong>361</strong></span> <span class='ocrx_word' id='word_1_52' title='bbox 640 1247 755 1313; x_wconf 76' lang='lat' dir='ltr'><strong>Contra</strong></span> <span class='ocrx_word' id='word_1_53' title='bbox 787 1252 976 1328; x_wconf 71' lang='lat' dir='ltr'><strong>cortnantes,</strong></span> <span class='ocrx_word' id='word_1_54' title='bbox 1007 1249 1133 1332; x_wconf 85' lang='lat' dir='ltr'><strong>pridem</strong></span> <span class='ocrx_word' id='word_1_55' title='bbox 1164 1270 1236 1333; x_wconf 91' lang='lat' dir='ltr'><strong>pro·</strong></span> 
     </span>
     <span class='ocr_line' id='line_1_9' title="bbox 75 1350 1235 1439; baseline 0.001 -21"><span class='ocrx_word' id='word_1_56' title='bbox 75 1355 224 1436; x_wconf 87' lang='lat' dir='ltr'><strong>positum</strong></span> <span class='ocrx_word' id='word_1_57' title='bbox 248 1350 310 1419; x_wconf 79' lang='lat' dir='ltr'><strong>&#39;Aa</strong></span> <span class='ocrx_word' id='word_1_58' title='bbox 331 1355 439 1419; x_wconf 77' lang='lat' dir='ltr'><strong>ooutrd</strong></span> <span class='ocrx_word' id='word_1_59' title='bbox 465 1355 613 1420; x_wconf 78' lang='lat' dir='ltr'><strong>corindae</strong></span> <span class='ocrx_word' id='word_1_60' title='bbox 636 1356 816 1439; x_wconf 88' lang='lat' dir='ltr'><strong>amplector</strong></span> <span class='ocrx_word' id='word_1_61' title='bbox 839 1355 901 1421; x_wconf 92' lang='lat' dir='ltr'><strong>hoo</strong></span> <span class='ocrx_word' id='word_1_62' title='bbox 925 1355 1148 1438; x_wconf 84' lang='lat' dir='ltr'><strong>confidentius,</strong></span> <span class='ocrx_word' id='word_1_63' title='bbox 1172 1377 1235 1438; x_wconf 89' lang='lat' dir='ltr'><strong>quo</strong></span> 
     </span>
     <span class='ocr_line' id='line_1_10' title="bbox 75 1461 1235 1546; baseline 0 -22"><span class='ocrx_word' id='word_1_64' title='bbox 75 1463 197 1526; x_wconf 85' lang='lat' dir='ltr'><strong>certius</strong></span> <span class='ocrx_word' id='word_1_65' title='bbox 230 1461 320 1526; x_wconf 86' lang='lat' dir='ltr'><strong>hano</strong></span> <span class='ocrx_word' id='word_1_66' title='bbox 345 1462 434 1526; x_wconf 86' lang='lat' dir='ltr'><strong>verbi</strong></span> <span class='ocrx_word' id='word_1_67' title='bbox 464 1461 602 1526; x_wconf 90' lang='lat' dir='ltr'><strong>obsoleti</strong></span> <span class='ocrx_word' id='word_1_68' title='bbox 630 1483 815 1526; x_wconf 89' lang='lat' dir='ltr'><strong>mensuram</strong></span> <span class='ocrx_word' id='word_1_69' title='bbox 843 1467 875 1526; x_wconf 93' lang='lat' dir='ltr'><strong>et</strong></span> <span class='ocrx_word' id='word_1_70' title='bbox 898 1461 982 1526; x_wconf 85' lang='lat' dir='ltr'><strong>ratio</strong></span> <span class='ocrx_word' id='word_1_71' title='bbox 1005 1461 1116 1527; x_wconf 88' lang='lat' dir='ltr'><strong>firmat</strong></span> <span class='ocrx_word' id='word_1_72' title='bbox 1139 1483 1235 1546; x_wconf 92' lang='lat' dir='ltr'><strong>quam</strong></span> 
     </span>
     <span class='ocr_line' id='line_1_11' title="bbox 74 1567 1235 1653; baseline 0 -21"><span class='ocrx_word' id='word_1_73' title='bbox 74 1590 159 1632; x_wconf 91' lang='lat' dir='ltr'><strong>uuuc</strong></span> <span class='ocrx_word' id='word_1_74' title='bbox 185 1569 360 1652; x_wconf 87' lang='lat' dir='ltr'><strong>explicare</strong></span> <span class='ocrx_word' id='word_1_75' title='bbox 383 1567 517 1653; x_wconf 80' lang='lat' dir='ltr'><strong>longum</strong></span> <span class='ocrx_word' id='word_1_76' title='bbox 536 1571 595 1650; x_wconf 89' lang='lat' dir='ltr'><strong>est,</strong></span> <span class='ocrx_word' id='word_1_77' title='bbox 618 1571 651 1631; x_wconf 91' lang='lat' dir='ltr'><strong>et</strong></span> <span class='ocrx_word' id='word_1_78' title='bbox 669 1568 754 1632; x_wconf 89' lang='lat' dir='ltr'><strong>alter</strong></span> <span class='ocrx_word' id='word_1_79' title='bbox 771 1589 883 1632; x_wconf 84' lang='lat' dir='ltr'><strong>versus</strong></span> <span class='ocrx_word' id='word_1_80' title='bbox 903 1572 1044 1632; x_wconf 90' lang='lat' dir='ltr'><strong>testatur</strong></span> <span class='ocrx_word' id='word_1_81' title='bbox 1062 1569 1103 1632; x_wconf 89' lang='lat' dir='ltr'><strong>ab</strong></span> <span class='ocrx_word' id='word_1_82' title='bbox 1123 1569 1235 1633; x_wconf 89' lang='lat' dir='ltr'><strong>eodem</strong></span> 
     </span>
     <span class='ocr_line' id='line_1_12' title="bbox 76 1671 1235 1758; baseline 0 -20"><span class='ocrx_word' id='word_1_83' title='bbox 76 1671 192 1740; x_wconf 81' lang='lat' dir='ltr'><strong>Servio</strong></span> <span class='ocrx_word' id='word_1_84' title='bbox 220 1674 375 1758; x_wconf 91' lang='lat' dir='ltr'><strong>proditus</strong></span> <span class='ocrx_word' id='word_1_85' title='bbox 399 1725 407 1739; x_wconf 96' lang='lat'><strong>.</strong></span> <span class='ocrx_word' id='word_1_86' title='bbox 429 1724 437 1739; x_wconf 95' lang='lat'><strong>.</strong></span> <span class='ocrx_word' id='word_1_87' title='bbox 461 1725 467 1737; x_wconf 95' lang='lat'><strong>.</strong></span> <span class='ocrx_word' id='word_1_88' title='bbox 490 1695 585 1755; x_wconf 80' lang='lat' dir='ltr'><strong>neque</strong></span> <span class='ocrx_word' id='word_1_89' title='bbox 605 1695 653 1739; x_wconf 74' lang='lat' dir='ltr'><strong>nte</strong></span> <span class='ocrx_word' id='word_1_90' title='bbox 674 1673 754 1738; x_wconf 69' lang='lat' dir='ltr'><strong>Iudae</strong></span> <span class='ocrx_word' id='word_1_91' title='bbox 776 1673 989 1740; x_wconf 79' lang='lat' dir='ltr'><strong>corindntibus</strong></span> <span class='ocrx_word' id='word_1_92' title='bbox 1006 1676 1091 1739; x_wconf 73' lang='lat' dir='ltr'><strong>citare</strong></span> <span class='ocrx_word' id='word_1_93' title='bbox 1113 1674 1235 1739; x_wconf 71' lang='lat' dir='ltr'><strong>chortis.</strong></span> 
     </span>
     <span class='ocr_line' id='line_1_13' title="bbox 163 1799 1236 1883; baseline -0.002 -19"><span class='ocrx_word' id='word_1_94' title='bbox 163 1799 249 1864; x_wconf 89' lang='lat' dir='ltr'><strong>Non</strong></span> <span class='ocrx_word' id='word_1_95' title='bbox 285 1801 484 1883; x_wconf 77' lang='lat' dir='ltr'><strong>exaequatae</strong></span> <span class='ocrx_word' id='word_1_96' title='bbox 519 1804 628 1865; x_wconf 89' lang='lat' dir='ltr'><strong>antem</strong></span> <span class='ocrx_word' id='word_1_97' title='bbox 661 1821 733 1863; x_wconf 89' lang='lat' dir='ltr'><strong>cum</strong></span> <span class='ocrx_word' id='word_1_98' title='bbox 766 1799 1030 1882; x_wconf 76' lang='lat' dir='ltr'><strong>pronuntiatione</strong></span> <span class='ocrx_word' id='word_1_99' title='bbox 1059 1800 1236 1882; x_wconf 74' lang='lat' dir='ltr'><strong>scripturae</strong></span> 
     </span>
     <span class='ocr_line' id='line_1_14' title="bbox 75 1905 1235 1990; baseline 0.003 -22"><span class='ocrx_word' id='word_1_100' title='bbox 75 1905 256 1988; x_wconf 83' lang='lat' dir='ltr'><strong>exemplis,</strong></span> <span class='ocrx_word' id='word_1_101' title='bbox 287 1905 399 1988; x_wconf 88' lang='lat' dir='ltr'><strong>qualia</strong></span> <span class='ocrx_word' id='word_1_102' title='bbox 425 1927 524 1988; x_wconf 88' lang='lat' dir='ltr'><strong>supra</strong></span> <span class='ocrx_word' id='word_1_103' title='bbox 546 1906 655 1990; x_wconf 84' lang='lat' dir='ltr'><strong>tetigi,</strong></span> <span class='ocrx_word' id='word_1_104' title='bbox 683 1907 783 1970; x_wconf 90' lang='lat' dir='ltr'><strong>etiam</strong></span> <span class='ocrx_word' id='word_1_105' title='bbox 807 1905 1034 1989; x_wconf 85' lang='lat' dir='ltr'><strong>monosyllaba</strong></span> <span class='ocrx_word' id='word_1_106' title='bbox 1056 1928 1084 1969; x_wconf 85' lang='lat' dir='ltr'><strong>v.</strong></span> <span class='ocrx_word' id='word_1_107' title='bbox 1109 1907 1128 1970; x_wconf 95' lang='lat'><strong>3</strong></span> <span class='ocrx_word' id='word_1_108' title='bbox 1153 1905 1235 1971; x_wconf 85' lang='lat' dir='ltr'><strong>SVO</strong></span> 
     </span>
     <span class='ocr_line' id='line_1_15' title="bbox 76 2009 1307 2098; baseline 0.002 -24"><span class='ocrx_word' id='word_1_109' title='bbox 76 2019 107 2075; x_wconf 87' lang='lat' dir='ltr'><strong>et</strong></span> <span class='ocrx_word' id='word_1_110' title='bbox 129 2011 231 2076; x_wconf 73' lang='grc' dir='ltr'><strong>’ΝΑ</strong></span> <span class='ocrx_word' id='word_1_111' title='bbox 257 2011 409 2077; x_wconf 87' lang='lat' dir='ltr'><strong>addenda</strong></span> <span class='ocrx_word' id='word_1_112' title='bbox 436 2016 519 2076; x_wconf 89' lang='lat' dir='ltr'><strong>suut.</strong></span> <span class='ocrx_word' id='word_1_113' title='bbox 565 2009 628 2076; x_wconf 86' lang='lat' dir='ltr'><strong>Sed</strong></span> <span class='ocrx_word' id='word_1_114' title='bbox 656 2013 854 2098; x_wconf 76' lang='lat' dir='ltr'><strong>exaequandi</strong></span> <span class='ocrx_word' id='word_1_115' title='bbox 877 2012 1054 2097; x_wconf 87' lang='lat' dir='ltr'><strong>perieulum</strong></span> <span class='ocrx_word' id='word_1_116' title='bbox 1078 2013 1178 2077; x_wconf 87' lang='lat' dir='ltr'><strong>etiam</strong></span> <span class='ocrx_word' id='word_1_117' title='bbox 1200 2013 1236 2077; x_wconf 91' lang='lat' dir='ltr'><strong>in</strong></span> <span class='ocrx_word' id='word_1_118' title='bbox 1249 2017 1307 2059; x_wconf 67' lang='lat' dir='ltr'><em>W</em></span> 
     </span>
     <span class='ocr_line' id='line_1_16' title="bbox 76 2118 1237 2205; baseline 0.002 -23"><span class='ocrx_word' id='word_1_119' title='bbox 76 2119 136 2184; x_wconf 87' lang='lat' dir='ltr'><strong>hoo</strong></span> <span class='ocrx_word' id='word_1_120' title='bbox 160 2140 293 2205; x_wconf 86' lang='lat' dir='ltr'><strong>genere</strong></span> <span class='ocrx_word' id='word_1_121' title='bbox 320 2119 442 2182; x_wconf 86' lang='lat' dir='ltr'><strong>factum</strong></span> <span class='ocrx_word' id='word_1_122' title='bbox 470 2121 532 2202; x_wconf 83' lang='lat' dir='ltr'><strong>est,</strong></span> <span class='ocrx_word' id='word_1_123' title='bbox 561 2123 594 2183; x_wconf 89' lang='lat' dir='ltr'><strong>et</strong></span> <span class='ocrx_word' id='word_1_124' title='bbox 621 2119 662 2183; x_wconf 89' lang='lat' dir='ltr'><strong>ab</strong></span> <span class='ocrx_word' id='word_1_125' title='bbox 686 2118 792 2184; x_wconf 77' lang='lat' dir='ltr'><strong>Ennio</strong></span> <span class='ocrx_word' id='word_1_126' title='bbox 822 2119 966 2205; x_wconf 82' lang='lat' dir='ltr'><strong>quidem,</strong></span> <span class='ocrx_word' id='word_1_127' title='bbox 992 2119 1055 2184; x_wconf 89' lang='lat' dir='ltr'><strong>nisi</strong></span> <span class='ocrx_word' id='word_1_128' title='bbox 1084 2141 1157 2184; x_wconf 89' lang='lat' dir='ltr'><strong>mea</strong></span> <span class='ocrx_word' id='word_1_129' title='bbox 1185 2141 1237 2185; x_wconf 88' lang='lat' dir='ltr'><strong>me</strong></span> 
     </span>
     <span class='ocr_line' id='line_1_17' title="bbox 77 2225 1237 2309; baseline 0.001 -19"><span class='ocrx_word' id='word_1_130' title='bbox 77 2227 279 2292; x_wconf 83' lang='lat' dir='ltr'><strong>coniectura</strong></span> <span class='ocrx_word' id='word_1_131' title='bbox 305 2225 408 2290; x_wconf 84' lang='lat' dir='ltr'><strong>fallit:</strong></span> <span class='ocrx_word' id='word_1_132' title='bbox 438 2247 533 2309; x_wconf 88' lang='lat' dir='ltr'><strong>quem</strong></span> <span class='ocrx_word' id='word_1_133' title='bbox 562 2247 634 2290; x_wconf 89' lang='lat' dir='ltr'><strong>oum</strong></span> <span class='ocrx_word' id='word_1_134' title='bbox 663 2229 914 2291; x_wconf 88' lang='lat' dir='ltr'><strong>consentaneum</strong></span> <span class='ocrx_word' id='word_1_135' title='bbox 938 2230 993 2292; x_wconf 88' lang='lat' dir='ltr'><strong>-est</strong></span> <span class='ocrx_word' id='word_1_136' title='bbox 1018 2229 1087 2292; x_wconf 92' lang='lat' dir='ltr'><strong>tum</strong></span> <span class='ocrx_word' id='word_1_137' title='bbox 1116 2248 1153 2292; x_wconf 84' lang='lat' dir='ltr'><strong>er</strong></span> <span class='ocrx_word' id='word_1_138' title='bbox 1183 2227 1237 2292; x_wconf 95' lang='lat' dir='ltr'><strong>ob-</strong></span> 
     </span>
     <span class='ocr_line' id='line_1_18' title="bbox 78 2331 1237 2417; baseline 0.001 -20"><span class='ocrx_word' id='word_1_139' title='bbox 78 2339 236 2400; x_wconf 82' lang='lat' dir='ltr'><strong>scuratae</strong></span> <span class='ocrx_word' id='word_1_140' title='bbox 279 2331 455 2398; x_wconf 86' lang='lat' dir='ltr'><strong>memoriae</strong></span> <span class='ocrx_word' id='word_1_141' title='bbox 493 2332 641 2416; x_wconf 85' lang='lat' dir='ltr'><strong>vestigiis</strong></span> <span class='ocrx_word' id='word_1_142' title='bbox 679 2332 872 2417; x_wconf 87' lang='lat' dir='ltr'><strong>quibusdam</strong></span> <span class='ocrx_word' id='word_1_143' title='bbox 909 2332 1111 2417; x_wconf 84' lang='lat' dir='ltr'><strong>intellegitur</strong></span> <span class='ocrx_word' id='word_1_144' title='bbox 1151 2332 1237 2398; x_wconf 89' lang='lat' dir='ltr'><strong>haud</strong></span> 
     </span>
     <span class='ocr_line' id='line_1_19' title="bbox 78 2439 1351 2526; baseline -0.003 -20"><span class='ocrx_word' id='word_1_145' title='bbox 78 2443 232 2526; x_wconf 83' lang='lat' dir='ltr'><strong>paullum</strong></span> <span class='ocrx_word' id='word_1_146' title='bbox 274 2441 339 2523; x_wconf 91' lang='lat' dir='ltr'><strong>ipsi</strong></span> <span class='ocrx_word' id='word_1_147' title='bbox 371 2440 602 2524; x_wconf 85' lang='lat' dir='ltr'><strong>grammaticae</strong></span> <span class='ocrx_word' id='word_1_148' title='bbox 639 2439 852 2505; x_wconf 86' lang='lat' dir='ltr'><strong>stabiliendae</strong></span> <span class='ocrx_word' id='word_1_149' title='bbox 889 2439 1169 2525; x_wconf 90' lang='lat' dir='ltr'><strong>emendandaeque</strong></span> <span class='ocrx_word' id='word_1_150' title='bbox 1206 2444 1239 2504; x_wconf 93' lang='lat' dir='ltr'><strong>et</strong></span> <span class='ocrx_word' id='word_1_151' title='bbox 1349 2497 1351 2502; x_wconf 83' lang='grc'>.</span> 
     </span>
     <span class='ocr_line' id='line_1_20' title="bbox 79 2545 1237 2632; baseline -0.002 -21"><span class='ocrx_word' id='word_1_152' title='bbox 79 2549 254 2613; x_wconf 79' lang='lat' dir='ltr'><strong>studuisse</strong></span> <span class='ocrx_word' id='word_1_153' title='bbox 291 2551 325 2611; x_wconf 92' lang='lat' dir='ltr'><strong>et</strong></span> <span class='ocrx_word' id='word_1_154' title='bbox 352 2546 522 2629; x_wconf 80' lang='lat' dir='ltr'><strong>profuisse.</strong></span> <span class='ocrx_word' id='word_1_155' title='bbox 567 2545 682 2632; x_wconf 74' lang='lat' dir='ltr'><strong>Itaque</strong></span> <span class='ocrx_word' id='word_1_156' title='bbox 714 2547 750 2612; x_wconf 91' lang='lat' dir='ltr'><strong>in</strong></span> <span class='ocrx_word' id='word_1_157' title='bbox 780 2546 865 2612; x_wconf 86' lang='lat' dir='ltr'><strong>hanc</strong></span> <span class='ocrx_word' id='word_1_158' title='bbox 892 2551 1019 2631; x_wconf 87' lang='lat' dir='ltr'><strong>partem</strong></span> <span class='ocrx_word' id='word_1_159' title='bbox 1049 2546 1120 2611; x_wconf 88' lang='lat' dir='ltr'><strong>hoc·</strong></span> <span class='ocrx_word' id='word_1_160' title='bbox 1139 2547 1237 2610; x_wconf 92' lang='lat' dir='ltr'><strong>inter·</strong></span> 
     </span>
     <span class='ocr_line' id='line_1_21' title="bbox 78 2650 1240 2740; baseline -0.004 -19"><span class='ocrx_word' id='word_1_161' title='bbox 78 2659 210 2740; x_wconf 80' lang='lat' dir='ltr'><strong>pretor,</strong></span> <span class='ocrx_word' id='word_1_162' title='bbox 241 2651 333 2736; x_wconf 90' lang='lat' dir='ltr'><strong>qnod</strong></span> <span class='ocrx_word' id='word_1_163' title='bbox 361 2651 506 2716; x_wconf 82' lang='lat' dir='ltr'><strong>dativum</strong></span> <span class='ocrx_word' id='word_1_164' title='bbox 531 2673 641 2717; x_wconf 87' lang='lat' dir='ltr'><strong>casum</strong></span> <span class='ocrx_word' id='word_1_165' title='bbox 664 2652 789 2717; x_wconf 81' lang='lat' dir='ltr'><strong>Ennius</strong></span> <span class='ocrx_word' id='word_1_166' title='bbox 814 2650 876 2718; x_wconf 88' lang='lat' dir='ltr'><strong>SIS</strong></span> <span class='ocrx_word' id='word_1_167' title='bbox 900 2653 1054 2718; x_wconf 84' lang='lat' dir='ltr'><strong>extulisse</strong></span> <span class='ocrx_word' id='word_1_168' title='bbox 1078 2651 1196 2716; x_wconf 91' lang='lat' dir='ltr'><strong>dieitur</strong></span> <span class='ocrx_word' id='word_1_169' title='bbox 1219 2674 1240 2716; x_wconf 87' lang='lat' dir='ltr'><strong>a</strong></span> 
     </span>
     <span class='ocr_line' id='line_1_22' title="bbox 79 2758 1240 2844; baseline 0 -19"><span class='ocrx_word' id='word_1_170' title='bbox 79 2761 180 2826; x_wconf 84' lang='lat' dir='ltr'><strong>Festo</strong></span> <span class='ocrx_word' id='word_1_171' title='bbox 207 2783 240 2844; x_wconf 89' lang='lat' dir='ltr'><strong>p.</strong></span> <span class='ocrx_word' id='word_1_172' title='bbox 268 2759 344 2840; x_wconf 88' lang='lat'>301,</span> <span class='ocrx_word' id='word_1_173' title='bbox 370 2759 408 2822; x_wconf 89' lang='grc'><strong>19</strong></span> <span class='ocrx_word' id='word_1_174' title='bbox 432 2758 494 2823; x_wconf 89' lang='lat' dir='ltr'><strong>boc</strong></span> <span class='ocrx_word' id='word_1_175' title='bbox 512 2781 621 2824; x_wconf 80' lang='lat' dir='ltr'><strong>versu:</strong></span> <span class='ocrx_word' id='word_1_176' title='bbox 644 2759 813 2842; x_wconf 78' lang='lat' dir='ltr'><strong>Postquam</strong></span> <span class='ocrx_word' id='word_1_177' title='bbox 832 2760 953 2824; x_wconf 77' lang='lat' dir='ltr'><strong>tanain-o</strong></span> <span class='ocrx_word' id='word_1_178' title='bbox 970 2760 1014 2824; x_wconf 79' lang='lat' dir='ltr'><strong>sis</strong></span> <span class='ocrx_word' id='word_1_179' title='bbox 1032 2761 1126 2825; x_wconf 75' lang='lat' dir='ltr'><strong>andes</strong></span> <span class='ocrx_word' id='word_1_180' title='bbox 1145 2759 1240 2825; x_wconf 81' lang='lat' dir='ltr'><strong>bonus</strong></span> 
     </span>
     <span class='ocr_line' id='line_1_23' title="bbox 79 2857 1238 2950; baseline -0.003 -17"><span class='ocrx_word' id='word_1_181' title='bbox 79 2871 195 2933; x_wconf 69' lang='lat' dir='ltr'><strong>Anas</strong></span> <span class='ocrx_word' id='word_1_182' title='bbox 217 2865 364 2947; x_wconf 76' lang='lat' dir='ltr'><strong>reliquit:</strong></span> <span class='ocrx_word' id='word_1_183' title='bbox 387 2866 437 2929; x_wconf 85' lang='lat' dir='ltr'><strong>oni</strong></span> <span class='ocrx_word' id='word_1_184' title='bbox 460 2857 643 2950; x_wconf 89' lang='lat' dir='ltr'><strong>propinqua</strong></span> <span class='ocrx_word' id='word_1_185' title='bbox 666 2871 741 2929; x_wconf 88' lang='lat' dir='ltr'><strong>sunt</strong></span> <span class='ocrx_word' id='word_1_186' title='bbox 763 2886 812 2930; x_wconf 87' lang='lat' dir='ltr'><strong>sos</strong></span> <span class='ocrx_word' id='word_1_187' title='bbox 834 2888 893 2949; x_wconf 90' lang='lat' dir='ltr'><strong>pro</strong></span> <span class='ocrx_word' id='word_1_188' title='bbox 916 2886 987 2932; x_wconf 78' lang='lat' dir='ltr'><strong>snos</strong></span> <span class='ocrx_word' id='word_1_189' title='bbox 1010 2865 1130 2930; x_wconf 88' lang='lat' dir='ltr'><strong>ibidem</strong></span> <span class='ocrx_word' id='word_1_190' title='bbox 1153 2887 1238 2930; x_wconf 91' lang='lat' dir='ltr'><strong>eom·</strong></span> 
     </span>
     <span class='ocr_line' id='line_1_24' title="bbox 81 2942 1239 3058; baseline -0.002 -18"><span class='ocrx_word' id='word_1_191' title='bbox 81 2977 310 3040; x_wconf 87' lang='lat' dir='ltr'><strong>memoratum</strong></span> <span class='ocrx_word' id='word_1_192' title='bbox 343 2975 377 3036; x_wconf 87' lang='lat' dir='ltr'><strong>et</strong></span> <span class='ocrx_word' id='word_1_193' title='bbox 406 2991 475 3036; x_wconf 82' lang='lat' dir='ltr'><strong>som</strong></span> <span class='ocrx_word' id='word_1_194' title='bbox 505 2942 573 3056; x_wconf 76' lang='lat' dir='ltr'><strong>prd</strong></span> <span class='ocrx_word' id='word_1_195' title='bbox 594 2993 685 3037; x_wconf 70' lang='lat' dir='ltr'><strong>strom</strong></span> <span class='ocrx_word' id='word_1_196' title='bbox 717 2973 751 3038; x_wconf 91' lang='lat' dir='ltr'><strong>in</strong></span> <span class='ocrx_word' id='word_1_197' title='bbox 781 2973 875 3038; x_wconf 89' lang='lat' dir='ltr'><strong>Pauli</strong></span> <span class='ocrx_word' id='word_1_198' title='bbox 908 2973 1048 3057; x_wconf 86' lang='lat' dir='ltr'><strong>epitome</strong></span> <span class='ocrx_word' id='word_1_199' title='bbox 1078 2997 1105 3058; x_wconf 91' lang='lat' dir='ltr'><strong>p.</strong></span> <span class='ocrx_word' id='word_1_200' title='bbox 1129 2975 1186 3057; x_wconf 77' lang='lat'><strong>47,</strong></span> <span class='ocrx_word' id='word_1_201' title='bbox 1209 2975 1239 3038; x_wconf 90' lang='lat'><strong>3.</strong></span> 
     </span>
    </p>
   </div>
   <div class='ocr_carea' id='block_1_5' title="bbox 82 3077 1240 3163">
    <p class='ocr_par' dir='ltr' id='par_1_5' title="bbox 82 3077 1240 3163">
     <span class='ocr_line' id='line_1_25' title="bbox 82 3077 1240 3163; baseline -0.001 -18"><span class='ocrx_word' id='word_1_202' title='bbox 82 3083 187 3145; x_wconf 79' lang='lat' dir='ltr'><strong>Cuius</strong></span> <span class='ocrx_word' id='word_1_203' title='bbox 217 3079 611 3163; x_wconf 83' lang='lat' dir='ltr'><strong>scripturae-exemplum</strong></span> <span class='ocrx_word' id='word_1_204' title='bbox 639 3077 707 3144; x_wconf 85' lang='lat' dir='ltr'><strong>TIS</strong></span> <span class='ocrx_word' id='word_1_205' title='bbox 734 3100 793 3162; x_wconf 89' lang='lat' dir='ltr'><strong>pro</strong></span> <span class='ocrx_word' id='word_1_206' title='bbox 825 3080 886 3144; x_wconf 82' lang='lat' dir='ltr'><strong>tru&#39;s</strong></span> <span class='ocrx_word' id='word_1_207' title='bbox 913 3079 998 3163; x_wconf 90' lang='lat' dir='ltr'><strong>lapis</strong></span> <span class='ocrx_word' id='word_1_208' title='bbox 1021 3079 1119 3144; x_wconf 83' lang='lat' dir='ltr'><strong>villae</strong></span> <span class='ocrx_word' id='word_1_209' title='bbox 1142 3079 1240 3144; x_wconf 86' lang='lat' dir='ltr'><strong>Alba·</strong></span> 
     </span>
    </p>
   </div>
   <div class='ocr_carea' id='block_1_6' title="bbox 82 3182 1240 3376">
    <p class='ocr_par' dir='ltr' id='par_1_6' title="bbox 82 3182 1240 3376">
     <span class='ocr_line' id='line_1_26' title="bbox 82 3182 1239 3272; baseline -0.003 -20"><span class='ocrx_word' id='word_1_210' title='bbox 82 3210 143 3252; x_wconf 85' lang='lat' dir='ltr'><strong>nae</strong></span> <span class='ocrx_word' id='word_1_211' title='bbox 163 3185 227 3268; x_wconf 87' lang='lat' dir='ltr'><strong>IV,</strong></span> <span class='ocrx_word' id='word_1_212' title='bbox 250 3185 314 3250; x_wconf 88' lang='lat'><strong>139</strong></span> <span class='ocrx_word' id='word_1_213' title='bbox 334 3183 378 3269; x_wconf 85' lang='lat' dir='ltr'><strong>(n.</strong></span> <span class='ocrx_word' id='word_1_214' title='bbox 392 3185 478 3250; x_wconf 81' lang='lat'>4847</span> <span class='ocrx_word' id='word_1_215' title='bbox 495 3183 562 3272; x_wconf 84' lang='lat' dir='ltr'><strong>Or.)</strong></span> <span class='ocrx_word' id='word_1_216' title='bbox 581 3186 737 3250; x_wconf 85' lang='lat' dir='ltr'><strong>servavit:</strong></span> <span class='ocrx_word' id='word_1_217' title='bbox 762 3182 1217 3252; x_wconf 76' lang='lat' dir='ltr'><strong>0VM·V1TA·FVNOTVS</strong></span> <span class='ocrx_word' id='word_1_218' title='bbox 1233 3223 1239 3234; x_wconf 92' lang='lat'>·</span> 
     </span>
     <span class='ocr_line' id='line_1_27' title="bbox 83 3289 1240 3376; baseline 0.001 -20"><span class='ocrx_word' id='word_1_219' title='bbox 83 3291 266 3358; x_wconf 77' lang='lat' dir='ltr'>IVNGAR</span> <span class='ocrx_word' id='word_1_220' title='bbox 279 3326 287 3340; x_wconf 94' lang='lat'><strong>·</strong></span> <span class='ocrx_word' id='word_1_221' title='bbox 301 3289 369 3354; x_wconf 87' lang='lat' dir='ltr'><strong>TIS</strong></span> <span class='ocrx_word' id='word_1_222' title='bbox 384 3326 391 3338; x_wconf 90' lang='lat'><strong>·</strong></span> <span class='ocrx_word' id='word_1_223' title='bbox 405 3289 559 3356; x_wconf 79' lang='lat' dir='ltr'><strong>VMBRA</strong></span> <span class='ocrx_word' id='word_1_224' title='bbox 574 3327 580 3340; x_wconf 91' lang='lat'><strong>·</strong></span> <span class='ocrx_word' id='word_1_225' title='bbox 597 3290 781 3356; x_wconf 82' lang='lat' dir='ltr'><strong>FIGVRIS.</strong></span> <span class='ocrx_word' id='word_1_226' title='bbox 823 3289 885 3357; x_wconf 85' lang='lat' dir='ltr'><strong>Sed</strong></span> <span class='ocrx_word' id='word_1_227' title='bbox 903 3291 1015 3357; x_wconf 87' lang='lat' dir='ltr'><strong>eadem</strong></span> <span class='ocrx_word' id='word_1_228' title='bbox 1038 3298 1148 3357; x_wconf 88' lang='lat' dir='ltr'><strong>tamen</strong></span> <span class='ocrx_word' id='word_1_229' title='bbox 1166 3315 1240 3376; x_wconf 93' lang='lat' dir='ltr'><strong>pro-</strong></span> 
     </span>
    </p>
   </div>
   <div class='ocr_carea' id='block_1_7' title="bbox 84 3397 1240 3714">
    <p class='ocr_par' dir='ltr' id='par_1_7' title="bbox 84 3397 1240 3714">
     <span class='ocr_line' id='line_1_28' title="bbox 84 3397 1240 3482; baseline -0.001 -19"><span class='ocrx_word' id='word_1_230' title='bbox 84 3398 265 3463; x_wconf 85' lang='lat' dir='ltr'><strong>nuntiandi</strong></span> <span class='ocrx_word' id='word_1_231' title='bbox 293 3398 471 3462; x_wconf 84' lang='lat' dir='ltr'><strong>contractio</strong></span> <span class='ocrx_word' id='word_1_232' title='bbox 500 3399 649 3482; x_wconf 82' lang='lat' dir='ltr'><strong>neglecta</strong></span> <span class='ocrx_word' id='word_1_233' title='bbox 674 3402 724 3463; x_wconf 88' lang='lat' dir='ltr'><strong>est</strong></span> <span class='ocrx_word' id='word_1_234' title='bbox 749 3399 918 3464; x_wconf 88' lang='lat' dir='ltr'><strong>scribendo</strong></span> <span class='ocrx_word' id='word_1_235' title='bbox 941 3399 976 3462; x_wconf 92' lang='lat' dir='ltr'><strong>in</strong></span> <span class='ocrx_word' id='word_1_236' title='bbox 999 3397 1158 3482; x_wconf 87' lang='lat' dir='ltr'><strong>Scipionis</strong></span> <span class='ocrx_word' id='word_1_237' title='bbox 1182 3399 1240 3463; x_wconf 91' lang='lat' dir='ltr'><strong>Hi-</strong></span> 
     </span>
     <span class='ocr_line' id='line_1_29' title="bbox 85 3505 336 3591; baseline -0.008 -21"><span class='ocrx_word' id='word_1_238' title='bbox 85 3507 185 3591; x_wconf 85' lang='lat' dir='ltr'><strong>spani</strong></span> <span class='ocrx_word' id='word_1_239' title='bbox 209 3505 336 3590; x_wconf 86' lang='lat' dir='ltr'><strong>elogio:</strong></span> 
     </span>
     <span class='ocr_line' id='line_1_30' title="bbox 173 3630 1151 3714; baseline -0.002 -18"><span class='ocrx_word' id='word_1_240' title='bbox 173 3631 359 3696; x_wconf 84' lang='lat' dir='ltr'><strong>Virtutes</strong></span> <span class='ocrx_word' id='word_1_241' title='bbox 383 3630 535 3714; x_wconf 87' lang='lat' dir='ltr'><strong>generis</strong></span> <span class='ocrx_word' id='word_1_242' title='bbox 560 3630 670 3694; x_wconf 82' lang='lat' dir='ltr'><strong>micis</strong></span> <span class='ocrx_word' id='word_1_243' title='bbox 694 3631 870 3696; x_wconf 88' lang='lat' dir='ltr'><strong>moribus</strong></span> <span class='ocrx_word' id='word_1_244' title='bbox 895 3631 1151 3712; x_wconf 86' lang='lat' dir='ltr'><strong>accumulaui,</strong></span> 
     </span>
    </p>
   </div>
   <div class='ocr_carea' id='block_1_8' title="bbox 86 3769 1242 4070">
    <p class='ocr_par' dir='ltr' id='par_1_8' title="bbox 86 3769 1242 4070">
     <span class='ocr_line' id='line_1_31' title="bbox 86 3769 1240 3858; baseline -0.003 -20"><span class='ocrx_word' id='word_1_245' title='bbox 86 3773 282 3858; x_wconf 79' lang='lat' dir='ltr'><strong>pariterque</strong></span> <span class='ocrx_word' id='word_1_246' title='bbox 310 3771 344 3834; x_wconf 94' lang='lat' dir='ltr'><strong>in</strong></span> <span class='ocrx_word' id='word_1_247' title='bbox 375 3770 602 3854; x_wconf 85' lang='lat' dir='ltr'><strong>antiquissimo</strong></span> <span class='ocrx_word' id='word_1_248' title='bbox 635 3770 719 3853; x_wconf 85' lang='lat' dir='ltr'><strong>apud</strong></span> <span class='ocrx_word' id='word_1_249' title='bbox 748 3769 963 3837; x_wconf 90' lang='lat' dir='ltr'><strong>Muratorium</strong></span> <span class='ocrx_word' id='word_1_250' title='bbox 995 3793 1025 3855; x_wconf 93' lang='lat' dir='ltr'><strong>p.</strong></span> <span class='ocrx_word' id='word_1_251' title='bbox 1049 3773 1127 3854; x_wconf 85' lang='lat'><strong>658,</strong></span> <span class='ocrx_word' id='word_1_252' title='bbox 1154 3775 1169 3836; x_wconf 90' lang='lat'>1</span> <span class='ocrx_word' id='word_1_253' title='bbox 1196 3769 1240 3856; x_wconf 90' lang='lat' dir='ltr'><strong>(u.</strong></span> 
     </span>
     <span class='ocr_line' id='line_1_32' title="bbox 89 3875 1242 3963; baseline -0.002 -19"><span class='ocrx_word' id='word_1_254' title='bbox 89 3879 179 3944; x_wconf 71' lang='lat'>2623</span> <span class='ocrx_word' id='word_1_255' title='bbox 203 3876 276 3961; x_wconf 77' lang='lat' dir='ltr'><strong>Or.)</strong></span> <span class='ocrx_word' id='word_1_256' title='bbox 302 3876 488 3960; x_wconf 84' lang='lat' dir='ltr'><strong>carmine*)‚</strong></span> <span class='ocrx_word' id='word_1_257' title='bbox 511 3877 583 3960; x_wconf 87' lang='lat' dir='ltr'><strong>ipsa</strong></span> <span class='ocrx_word' id='word_1_258' title='bbox 607 3876 686 3941; x_wconf 88' lang='lat' dir='ltr'><strong>adeo</strong></span> <span class='ocrx_word' id='word_1_259' title='bbox 711 3875 864 3942; x_wconf 81' lang='lat' dir='ltr'><strong>SOVEIS</strong></span> <span class='ocrx_word' id='word_1_260' title='bbox 886 3877 992 3944; x_wconf 85' lang='lat' dir='ltr'><strong>forma</strong></span> <span class='ocrx_word' id='word_1_261' title='bbox 1014 3879 1242 3963; x_wconf 86' lang='lat' dir='ltr'><strong>monosyllaba</strong></span> 
     </span>
     <span class='ocr_line' id='line_1_33' title="bbox 90 3983 909 4070; baseline -0.004 -18"><span class='ocrx_word' id='word_1_262' title='bbox 90 3987 226 4070; x_wconf 80' lang='lat' dir='ltr'><strong>insigni,</strong></span> <span class='ocrx_word' id='word_1_263' title='bbox 251 3983 339 4069; x_wconf 89' lang='lat' dir='ltr'><strong>qnod</strong></span> <span class='ocrx_word' id='word_1_264' title='bbox 363 3983 409 4048; x_wconf 85' lang='lat' dir='ltr'><strong>sic</strong></span> <span class='ocrx_word' id='word_1_265' title='bbox 432 4005 502 4048; x_wconf 87' lang='lat' dir='ltr'><strong>esse</strong></span> <span class='ocrx_word' id='word_1_266' title='bbox 526 3983 731 4049; x_wconf 89' lang='lat' dir='ltr'><strong>scribendum</strong></span> <span class='ocrx_word' id='word_1_267' title='bbox 755 3986 909 4051; x_wconf 89' lang='lat' dir='ltr'><strong>arbitror:</strong></span> 
     </span>
    </p>
   </div>
   <div class='ocr_carea' id='block_1_9' title="bbox 92 4229 1244 4569">
    <p class='ocr_par' dir='ltr' id='par_1_9' title="bbox 92 4229 1244 4569">
     <span class='ocr_line' id='line_1_34' title="bbox 172 4229 1241 4304; baseline -0.002 -17"><span class='ocrx_word' id='word_1_268' title='bbox 172 4239 198 4301; x_wconf 77' lang='lat'><strong>⁸)</strong></span> <span class='ocrx_word' id='word_1_269' title='bbox 215 4231 302 4304; x_wconf 88' lang='lat' dir='ltr'><strong>[Vide</strong></span> <span class='ocrx_word' id='word_1_270' title='bbox 316 4247 391 4284; x_wconf 88' lang='lat' dir='ltr'><strong>nune</strong></span> <span class='ocrx_word' id='word_1_271' title='bbox 404 4231 434 4284; x_wconf 92' lang='grc' dir='ltr'><strong>Ρ.</strong></span> <span class='ocrx_word' id='word_1_272' title='bbox 448 4231 479 4283; x_wconf 86' lang='lat' dir='ltr'><strong>L.</strong></span> <span class='ocrx_word' id='word_1_273' title='bbox 494 4229 531 4284; x_wconf 82' lang='lat' dir='ltr'><strong>n.</strong></span> <span class='ocrx_word' id='word_1_274' title='bbox 547 4231 576 4286; x_wconf 84' lang='lat' dir='ltr'><strong>E.</strong></span> <span class='ocrx_word' id='word_1_275' title='bbox 590 4230 648 4286; x_wconf 85' lang='lat' dir='ltr'><strong>tab.</strong></span> <span class='ocrx_word' id='word_1_276' title='bbox 663 4230 752 4284; x_wconf 85' lang='lat' dir='ltr'>XLIX</span> <span class='ocrx_word' id='word_1_277' title='bbox 768 4229 806 4298; x_wconf 65' lang='grc' dir='ltr'><strong>(ἡ</strong></span> <span class='ocrx_word' id='word_1_278' title='bbox 822 4229 850 4284; x_wconf 84' lang='lat' dir='ltr'><strong>C.</strong></span> <span class='ocrx_word' id='word_1_279' title='bbox 865 4232 884 4286; x_wconf 94' lang='lat'><strong>1.</strong></span> <span class='ocrx_word' id='word_1_280' title='bbox 900 4231 929 4286; x_wconf 84' lang='lat' dir='ltr'><strong>L.</strong></span> <span class='ocrx_word' id='word_1_281' title='bbox 946 4231 998 4285; x_wconf 92' lang='lat' dir='ltr'><strong>In.</strong></span> <span class='ocrx_word' id='word_1_282' title='bbox 1016 4237 1091 4286; x_wconf 77' lang='lat'><strong>1297.</strong></span> <span class='ocrx_word' id='word_1_283' title='bbox 1107 4229 1147 4286; x_wconf 79' lang='lat' dir='ltr'><strong>Cf.</strong></span> <span class='ocrx_word' id='word_1_284' title='bbox 1163 4247 1241 4300; x_wconf 87' lang='lat' dir='ltr'><strong>prae·</strong></span> 
     </span>
     <span class='ocr_line' id='line_1_35' title="bbox 92 4317 1242 4389; baseline -0.004 -10"><span class='ocrx_word' id='word_1_285' title='bbox 92 4329 169 4379; x_wconf 72' lang='lat' dir='ltr'><strong>tem</strong></span> <span class='ocrx_word' id='word_1_286' title='bbox 188 4321 265 4376; x_wconf 74' lang='lat' dir='ltr'><strong>Mon</strong></span> <span class='ocrx_word' id='word_1_287' title='bbox 281 4319 370 4389; x_wconf 82' lang='lat' dir='ltr'><strong>epigr.</strong></span> <span class='ocrx_word' id='word_1_288' title='bbox 385 4321 419 4374; x_wconf 87' lang='lat' dir='ltr'><strong>tr.</strong></span> <span class='ocrx_word' id='word_1_289' title='bbox 435 4318 519 4386; x_wconf 78' lang='lat' dir='ltr'><strong>(infra</strong></span> <span class='ocrx_word' id='word_1_290' title='bbox 531 4337 558 4372; x_wconf 93' lang='lat' dir='ltr'><strong>n.</strong></span> <span class='ocrx_word' id='word_1_291' title='bbox 572 4319 609 4388; x_wconf 86' lang='lat' dir='ltr'><strong>V)</strong></span> <span class='ocrx_word' id='word_1_292' title='bbox 624 4336 650 4388; x_wconf 88' lang='lat' dir='ltr'><strong>p.</strong></span> <span class='ocrx_word' id='word_1_293' title='bbox 667 4325 700 4374; x_wconf 87' lang='grc'><strong>16</strong></span> <span class='ocrx_word' id='word_1_294' title='bbox 715 4319 779 4374; x_wconf 88' lang='lat' dir='ltr'><strong>adn.</strong></span> <span class='ocrx_word' id='word_1_295' title='bbox 807 4319 903 4375; x_wconf 81' lang='lat' dir='ltr'><strong>Enarr.</strong></span> <span class='ocrx_word' id='word_1_296' title='bbox 918 4320 975 4375; x_wconf 84' lang='lat' dir='ltr'><strong>tab.</strong></span> <span class='ocrx_word' id='word_1_297' title='bbox 990 4320 1009 4376; x_wconf 91' lang='lat' dir='ltr'><strong>l.</strong></span> <span class='ocrx_word' id='word_1_298' title='bbox 1024 4338 1050 4389; x_wconf 90' lang='lat' dir='ltr'><strong>p.</strong></span> <span class='ocrx_word' id='word_1_299' title='bbox 1066 4325 1099 4373; x_wconf 78' lang='grc'><strong>43</strong></span> <span class='ocrx_word' id='word_1_300' title='bbox 1115 4317 1242 4374; x_wconf 80' lang='lat' dir='ltr'><strong>Bitscho-</strong></span> 
     </span>
     <span class='ocr_line' id='line_1_36' title="bbox 93 4405 1244 4478; baseline -0.006 -10"><span class='ocrx_word' id='word_1_301' title='bbox 93 4413 146 4468; x_wconf 75' lang='lat' dir='ltr'><strong>tiu·</strong></span> <span class='ocrx_word' id='word_1_302' title='bbox 158 4413 233 4467; x_wconf 80' lang='lat' dir='ltr'><strong>haec</strong></span> <span class='ocrx_word' id='word_1_303' title='bbox 247 4408 374 4478; x_wconf 83' lang='lat' dir='ltr'><strong>scripsit:</strong></span> <span class='ocrx_word' id='word_1_304' title='bbox 392 4407 578 4477; x_wconf 84' lang='lat' dir='ltr'><strong>‘Quamquam</strong></span> <span class='ocrx_word' id='word_1_305' title='bbox 593 4425 649 4463; x_wconf 91' lang='lat' dir='ltr'><strong>nou</strong></span> <span class='ocrx_word' id='word_1_306' title='bbox 663 4407 835 4464; x_wconf 86' lang='lat' dir='ltr'><strong>intercedam</strong></span> <span class='ocrx_word' id='word_1_307' title='bbox 849 4408 1024 4477; x_wconf 81' lang='lat' dir='ltr'><strong>obstinatius,</strong></span> <span class='ocrx_word' id='word_1_308' title='bbox 1039 4408 1063 4462; x_wconf 86' lang='lat' dir='ltr'><strong>si</strong></span> <span class='ocrx_word' id='word_1_309' title='bbox 1077 4407 1125 4478; x_wconf 91' lang='lat' dir='ltr'><strong>qui</strong></span> <span class='ocrx_word' id='word_1_310' title='bbox 1141 4405 1244 4462; x_wconf 74' lang='lat' dir='ltr'><strong>Oloulir&#39;</strong></span> 
     </span>
     <span class='ocr_line' id='line_1_37' title="bbox 95 4496 1240 4569; baseline -0.008 -11"><span class='ocrx_word' id='word_1_311' title='bbox 95 4503 181 4558; x_wconf 73' lang='lat' dir='ltr'><strong>Suari</strong></span> <span class='ocrx_word' id='word_1_312' title='bbox 194 4498 380 4569; x_wconf 85' lang='lat' dir='ltr'><strong>interpretari</strong></span> <span class='ocrx_word' id='word_1_313' title='bbox 394 4514 456 4552; x_wconf 87' lang='lat' dir='ltr'><strong>eum</strong></span> <span class='ocrx_word' id='word_1_314' title='bbox 470 4496 643 4552; x_wconf 86' lang='lat' dir='ltr'><strong>Mommseno</strong></span> <span class='ocrx_word' id='word_1_315' title='bbox 659 4497 677 4550; x_wconf 91' lang='lat' dir='ltr'><strong>I.</strong></span> <span class='ocrx_word' id='word_1_316' title='bbox 693 4498 726 4552; x_wconf 83' lang='lat' dir='ltr'><strong>a.</strong></span> <span class='ocrx_word' id='word_1_317' title='bbox 740 4497 774 4550; x_wconf 89' lang='lat' dir='ltr'><strong>N.</strong></span> <span class='ocrx_word' id='word_1_318' title='bbox 790 4501 859 4552; x_wconf 79' lang='lat'><strong>5882</strong></span> <span class='ocrx_word' id='word_1_319' title='bbox 875 4497 989 4551; x_wconf 89' lang='lat' dir='ltr'><strong>malent.</strong></span> <span class='ocrx_word' id='word_1_320' title='bbox 1003 4497 1096 4552; x_wconf 88' lang='lat' dir='ltr'><strong>Semel</strong></span> <span class='ocrx_word' id='word_1_321' title='bbox 1110 4497 1240 4568; x_wconf 84' lang='lat' dir='ltr'><strong>neglecta</strong></span> 
     </span>
    </p>
   </div>
   <div class='ocr_carea' id='block_1_10' title="bbox 0 0 1543 5144">
    <p class='ocr_par' dir='ltr' id='par_1_10' title="bbox 0 0 1543 5144">
     <span class='ocr_line' id='line_1_38' title="bbox 0 0 1543 5144; baseline 0 0"><span class='ocrx_word' id='word_1_322' title='bbox 0 0 1543 5144; x_wconf 95' lang='lat' dir='ltr'><strong> </strong></span> 
     </span>
    </p>
   </div>
  </div>
 </body>
</html>
