3062 5142
438 425 696 473 conmunrurlo
720 427 835 475 PRIOR.

105 573 143 630 s·
165 603 170 612 ·
194 602 199 614 ·
224 603 230 614 -
255 567 1130 644 ousauuuusousuuuuu·Pouucu-···
1151 608 1157 620 -
1178 606 1211 620 -·

136 709 262 721 ·····
277 671 682 740 discumbimus-n
719 712 725 723 ·
764 711 769 724 ·
808 711 814 723 ·
853 712 858 725 -
895 675 1210 742 livosa-····

324 780 761 847 ···-n1····-cAPT
803 781 832 828 υ
843 817 1210 832 ----------

103 907 166 968 s·
190 941 196 953 -
221 905 997 982 -oovn-nnvnuun-Pnnuunn-vocuo
1004 941 1209 956 ----------

134 1047 162 1058 -·
185 1049 191 1059 -
215 1047 222 1058 -
247 1048 253 1060 -
279 1011 619 1078 clarummnnsr
643 1049 649 1061 -
673 1013 704 1078 N
731 1049 737 1060 ·
766 1049 772 1061 -
801 1013 971 1078 nvos-u
991 1049 1208 1062 ·········

161 1119 1208 1185 nicrum

131 1243 373 1320 Toovu
383 1243 613 1309 NAVALED·
624 1243 852 1310 PRAEDAD·
863 1243 1001 1310 POPLO
1024 1281 1206 1294 ·········

219 1348 547 1415 ·CARTAOlNl·
612 1348 756 1415 ···lS

259 1492 266 1504 ·
382 1493 387 1504 ·
682 1455 1106 1522 ·NVOS···D····

385 1492 586 1629 Hills·-
693 1563 879 1629 --ARTA
904 1599 1063 1613 ······

97 1688 112 1748 ἵ)
130 1724 153 1734 ··
168 1724 174 1734 ·
189 1724 195 1733 ·
210 1597 992 1763 collatunnam-Puluillo·POPLOM
1013 1724 1206 1738 ·······
1322 1713 1327 1730 *

233 1829 239 1840 ·
265 1829 273 1840 ·
299 1791 537 1858 cusanam]
563 1829 817 1842 ········
841 1794 1015 1860 nvos-o
1044 1831 1205 1844 ······

147 2059 223 2124 llum
253 2060 438 2144 pulvisculo
466 2064 503 2125 ut
532 2061 625 2126 aiunt
650 2061 786 2126 exhausi
816 2061 995 2146 scripturae
1023 2063 1204 2146 discrepan-

80 2166 141 2230 tiam
160 2171 291 2250 practer
314 2167 482 2232 levissima
505 2169 664 2252 quaedam
689 2169 837 2234 consulto
860 2170 981 2234 omissa
1003 2191 1146 2253 omnem,
1168 2173 1205 2236 ut

80 2295 153 2355 quam
179 2274 399 2340 certissimum
421 2274 667 2340 fundamentum
695 2276 730 2340 in
752 2280 906 2360 promptu
933 2282 1035 2362 esset,
1066 2277 1118 2342 cui
1141 2277 1204 2342 arti

79 2382 227 2446 arationi
252 2381 483 2447 convenienter
506 2381 748 2466 redintegrandi
772 2382 860 2447 tituli
884 2405 982 2467 opera
1003 2386 1204 2468 superstrue-

79 2491 152 2550 relur.
195 2489 246 2552 Ad
272 2511 370 2573 quam
400 2510 470 2553 rem
497 2511 570 2554 curn
597 2510 664 2554 non
692 2487 845 2563 mediocri
875 2489 948 2566 usui
976 2489 1020 2554 sit
1046 2488 1203 2553 similium

79 2593 219 2659 titulorum
245 2595 462 2679 comparatio,
495 2595 637 2660 eiusdem
662 2595 789 2680 generis
814 2595 971 2679 quosdam
994 2596 1202 2680 praemittam

79 2719 125 2764 ncn
143 2701 174 2766 iu
196 2703 418 2768 monumentis
447 2702 651 2786 superstites,
682 2702 737 2767 sed
761 2701 816 2786 qui
841 2723 857 2765 s
880 2701 914 2766 T.
937 2701 1022 2767 Livii
1046 2703 1203 2768 memoria

80 2811 114 2870 rat
131 2808 351 2892 probabiliter,
374 2809 438 2872 nisi
461 2808 560 2873 fallor
584 2808 697 2891 animi,
727 2809 947 2874 reconcinnari
971 2809 1108 2892 possint.
1154 2809 1202 2874 Ac

79 2913 190 2993 primum
214 2917 255 2980 de
279 2917 377 2981 rebus
396 2917 497 3001 gestis
518 2915 594 2980 anni
614 2913 765 2979 DLXXX
790 2935 889 3000 agens
912 2915 967 2979 ille
991 2937 1073 3000 quae
1096 2917 1202 3000 prodi-

80 3017 111 3082 dit
129 3043 190 3107 cap.
209 3024 253 3090 28
279 3023 357 3089 libri
380 3023 468 3108 XLI,
495 3021 582 3087 infra
605 3022 721 3106 scripsi
750 3022 861 3107 qualia
884 3027 1009 3087 exstare
1032 3023 1066 3086 in
1081 3022 1201 3089 Vindo-

81 3123 186 3193 bcnensi
218 3131 332 3195 codice
363 3130 414 3194 val
446 3129 617 3196 traduntur
649 3129 699 3192 vel
728 3128 914 3194 creduntur:
946 3127 1083 3194 ‘Eodem
1117 3153 1200 3196 anno

80 3234 164 3300 tabula
185 3237 218 3302 in
238 3228 360 3308 ,aedem
382 3236 495 3299 matris
518 3233 663 3300 Matutae
694 3255 766 3298 cum
795 3234 900 3298 indice
922 3235 984 3299 hoc
1008 3237 1116 3320 posita
1139 3241 1200 3302 est:

80 3337 114 3403 li.
136 3341 338 3428 Semprcnl
372 3341 510 3408 Gracci
542 3342 715 3407 consulis
747 3341 912 3426 imperio
948 3343 1199 3428 auspicioque

81 3443 154 3530 legio
184 3447 459 3531 exercitusque
491 3447 626 3532 populi
660 3447 821 3512 Romani
858 3445 1078 3513 Sardiniam
1112 3450 1240 3514 sub-sc

81 3551 136 3634 egit
152 3606 159 3618 .
176 3555 214 3621 in
238 3577 284 3619 ea
306 3555 508 3638 prouincia
530 3554 701 3620 bostium
725 3575 838 3619 caesa
858 3558 926 3618 *aut
949 3547 1062 3638 capta
1084 3578 1199 3640 supra

81 3661 251 3744 octoginta
281 3661 388 3726 milia
412 3710 420 3727 .
442 3661 530 3746 ch.
558 3661 789 3727 felicissime
818 3665 930 3746 gesta
960 3666 1074 3745 atque
1102 3662 1199 3726 libe·

80 3766 149 3832 ralis
173 3767 441 3854 uectigalibus
470 3769 671 3833 restitutis
700 3767 910 3833 exercitum
938 3768 1113 3852 saluomq
1142 3773 1197 3833 at·

81 3891 126 3950 fruc
153 3876 383 3941 incolumem
414 3873 683 3959 plenissimum
713 3874 856 3959 pracda
886 3874 1034 3940 domum
1066 3896 1197 3958 repor-

81 3981 336 4048 uuit.itcrum
373 3982 617 4066 triumphans
650 3983 688 4046 in
720 3981 849 4046 urbem
882 3980 1038 4046 Romam
1070 3982 1196 4048 redit.

81 4084 159 4151 cuius
180 4089 236 4153 rei
261 4109 354 4172 crgo
377 4088 475 4154 hanc
497 4089 673 4154 tabulam
698 4088 782 4154 Ioui
806 4087 943 4153 donum
972 4086 1085 4152 dedit
1123 4085 1196 4152 Sar-

82 4185 157 4257 liuiae
182 4196 311 4260 insulae
339 4195 444 4260 forme
470 4201 540 4261 crat
566 4201 663 4281 atque
692 4196 727 4260 in
754 4217 792 4259 ea
815 4194 987 4259 simulacra
1014 4214 1195 4279 pugnarum

82 4295 159 4372 picta'
192 4301 231 4367 In
255 4301 375 4385 quibus
399 4301 504 4368 verbis
529 4303 652 4388 aliquid
675 4300 876 4366 intercidisse
901 4304 975 4366 ante
998 4301 1196 4384 uccbpclitus

83 4400 114 4464 td
132 4412 197 4487 post
219 4428 293 4473 eam
315 4429 427 4474 vocem
445 4429 557 4474 omncs
576 4411 734 4490 viderunt,
754 4409 893 4474 liberatis
915 4409 1028 4473 sociis
1051 4408 1196 4473 restituit

83 4501 208 4592 Sigonius.
255 4515 309 4580 Ad
342 4514 427 4598 quod
459 4517 642 4600 exemplum
676 4514 820 4599 profecto
854 4514 951 4580 etiam
985 4513 1068 4582 aliae
1100 4535 1194 4580 voces
