2948 5048
146 310 189 375 96
515 327 663 375 mrvuvs
687 327 905 375 uvnumuvs.

146 469 228 531 rima
260 468 415 553 Scaligeri
448 470 629 534 emendatio
662 468 899 534 AIMILIANA
931 469 1131 552 reponentis:
1164 471 1233 550 sut,
1259 467 1285 529 si

145 576 229 640 forte
261 575 448 640 incredibile
480 598 544 641 non
573 578 617 640 sit
639 575 887 640 FAMILIANA
910 598 928 638 c
951 572 1200 638 MVMMIANA
1223 595 1287 638 cor·

145 690 276 767 ruptum
301 705 379 763 esse,
402 681 554 747 Herculis
578 684 722 749 Victoris
746 683 780 747 in
798 682 869 747 foro
883 681 996 747 boario
1029 680 1194 746 conditam
1218 704 1238 745 s
1254 680 1287 745 L

144 788 302 856 Mummio
326 791 438 854 aedem
465 791 676 875 intellegatur
699 790 870 854 rotundam
897 789 1005 854 fuisse.
1053 787 1141 853 Nam
1172 789 1287 853 certius

145 898 317 981 quicquam
341 920 414 962 cum
439 897 548 982 aliqua
571 897 766 962 confidentis
789 896 916 961 definiri
939 917 1034 980 posse
1057 916 1152 981 nego.

234 1000 371 1088 Signum
404 1007 511 1068 sutem
543 1002 691 1068 Herculis
720 1026 740 1068 s
771 1002 928 1068 Mummio
961 1002 1144 1067 dedicatum
1177 1023 1216 1067 ex
1243 1003 1288 1066 eis

146 1111 225 1175 artis
249 1111 400 1194 operibus
427 1111 527 1176 fuisse
555 1133 638 1197 quse
660 1110 818 1176 Corintho
842 1110 897 1173 illc
922 1109 1120 1192 abstulisset,
1142 1130 1195 1174 res
1218 1109 1290 1193 ipss

145 1217 298 1301 loquitur.
343 1217 467 1294 Quibus
495 1240 568 1282 eum
598 1240 664 1282 non
691 1219 804 1282 urbem
831 1221 958 1281 tantum
987 1237 1120 1280 ornasse
1150 1216 1207 1280 sed
1231 1216 1287 1280 cir·

145 1324 359 1397 cumisoentiu
381 1347 507 1410 quoque
531 1325 650 1410 oppidu
669 1329 702 1388 et
721 1323 838 1407 Strabo
861 1325 956 1388 testis
980 1327 1029 1387 est
1052 1321 1133 1388 VIII
1157 1345 1188 1406 p.
1207 1324 1288 1388 381:

146 1433 261 1509 εχεδὸν
286 1434 321 1497 δέ
337 1453 383 1495 ’τι
416 1434 467 1497 καὶ
494 1437 560 1497 τῶν
586 1431 696 1496 ἄλλων
724 1431 936 1511 ἀναθημάτων
963 1435 1030 1496 τῶν
1054 1431 1091 1496 ἐν
1117 1430 1224 1514 Ῥώμῃ
1252 1431 1290 1493 τὰ

146 1542 278 1602 nistera
297 1539 347 1602 καὶ
366 1537 475 1616 &pura
494 1541 644 1605 teretem
664 1539 811 1619 ἀφῖχθαι·
835 1540 906 1603 τινὰ
928 1540 964 1602 δὲ
988 1538 1038 1602 καὶ
1061 1537 1093 1601 αἱ
1112 1538 1218 1622 κύκλῳ
1237 1543 1291 1618 τῆ(

145 1643 268 1722 Ῥώμη(
287 1645 397 1710 πόλει(
417 1646 519 1725 texor,
544 1650 577 1711 et
598 1648 633 1711 in
657 1647 786 1713 Sabinis
810 1650 941 1730 reperta
963 1647 1175 1708 monuments
1197 1664 1290 1729 quas

146 1750 220 1815 dam
253 1751 446 1818 documento
479 1758 562 1818 sunt.
612 1756 682 1831 Quo
717 1759 750 1819 et
781 1754 955 1819 Reatinum
986 1751 1190 1836 epigramma
1219 1772 1290 1834 pcr-

145 1858 248 1924 tinerc
273 1861 400 1926 videtur
427 1861 465 1925 de
490 1884 552 1946 quo
577 1885 651 1928 mox
682 1863 819 1940 dicetur,
847 1867 880 1926 et
902 1861 936 1924 in
960 1858 1085 1924 duabus
1109 1862 1290 1922 statuarum

147 1965 279 2031 basibus
287 1967 320 2052 *l
345 1966 505 2033 Trebulsc
519 1967 706 2034 Mutuescae
726 1970 852 2035 effossis
871 1968 990 2031 iterata
1007 1965 1088 2029 bsec
1106 1964 1291 2047 inscriptio:

571 2076 614 2140 L·
629 2073 855 2141 MVMMIVS·
871 2072 948 2139 OOS

164 2261 166 2265 Ι
648 2180 820 2246 VICO
919 2220 925 2226 ·

147 2285 232 2368 apud
250 2284 440 2354 Fabrettum
460 2288 500 2373 V,
523 2291 587 2355 293
612 2313 641 2373 p.
666 2292 732 2355 400
756 2295 788 2354 et
812 2289 968 2355 Orellium
991 2309 1023 2351 n.
1046 2286 1112 2350 574
1136 2283 1186 2367 [G.
1209 2284 1234 2351 I.
1256 2282 1290 2349 b

145 2391 207 2458 In.
225 2393 314 2475 5431.
334 2395 407 2461 Huc
426 2397 550 2461 accedit
566 2397 602 2461 iu
622 2419 700 2483 agro
719 2395 861 2461 Nursino
881 2400 1045 2479 repertum
1065 2392 1173 2458 simile
1193 2392 1291 2478 ‘frag-

146 2501 304 2566 mentum'
329 2503 415 2587 apud
437 2504 655 2569 Muratorium
677 2528 708 2589 p.
732 2505 806 2580 288,
831 2504 848 2566 1
875 2499 925 2583 [G.
948 2501 972 2566 I.
997 2500 1032 2566 L.
1056 2499 1073 2564 I
1096 2522 1126 2564 m
1150 2500 1248 2582 5441:

570 2610 621 2674 L·
645 2597 864 2676 MVMIVS
1258 2634 1265 2639 ·

571 2717 649 2784 COS
673 2754 680 2768 ·
706 2717 797 2784 DEI)
847 2716 879 2781 N

145 2822 181 2887 h.
205 2844 230 2887 e.
258 2824 435 2907 interprete
463 2824 665 2891 Mommseno
697 2824 816 2890 DEDit
841 2824 1006 2890 Nursiuis:
1040 2822 1125 2906 quod
1152 2844 1232 2886 saue
1260 2821 1293 2886 in

146 2947 277 3012 gravem
301 2929 424 2994 fraudis
448 2933 665 3016 suspicionem
689 2933 828 3015 veniret,
851 2932 914 2996 nisi
940 2930 1191 3016 superimposita
1215 2930 1293 2993 line·

146 3036 199 3099 ola
221 3039 333 3119 posset
362 3036 403 3100 ob
427 3036 615 3121 Hyacintbo
639 3037 772 3103 Mannio
796 3037 866 3102 Icto
890 3037 1038 3102 Romano
1063 3037 1191 3102 adiecta
1214 3057 1293 3118 esse,

147 3166 166 3207 a
195 3165 257 3227 quo
286 3142 349 3206 sibi
379 3143 512 3208 missum
545 3145 788 3228 inscriptionem
817 3143 1017 3208 Muratorius
1045 3143 1180 3227 accepit
1231 3140 1293 3207 Sed

146 3269 212 3313 non
231 3249 331 3313 solius
351 3251 460 3315 tamen
477 3251 614 3316 viciniae
632 3251 751 3315 finibus
769 3250 805 3314 L.
824 3248 1017 3314 Mummium
1034 3249 1293 3314 munificentiam

235 3457 260 3526 *)
275 3459 365 3528 Super
391 3460 435 3514 his
457 3461 571 3516 basibus
590 3461 739 3516 Fabrettus
764 3461 831 3515 bina
849 3461 942 3530 inquit
959 3462 1040 3530 sipuo
1062 3461 1294 3517 elaboratissimoe

145 3547 300 3603 industrios
313 3549 414 3603 stetisse
425 3549 572 3616 obseruari,
582 3553 640 3604 iam
652 3552 729 3604 turni
741 3552 862 3605 iacentia
866 3571 876 3616 ;
895 3568 964 3620 pum
977 3551 1041 3604 olim
1055 3566 1215 3619 praeconem
1228 3566 1292 3620 pso

145 3638 265 3692 ruuetam
283 3638 393 3691 heroum
412 3638 626 3708 imapirwsprae
643 3640 779 3694 retulisse
793 3645 876 3708 puto,
894 3645 926 3692 ut
942 3640 1097 3707 scalpturae
1115 3639 1252 3707 elepautia
1269 3644 1294 3693 et

142 3726 342 3793 paludamento
359 3744 416 3780 mou
434 3727 559 3781 Roruauo
573 3743 645 3781 more
658 3744 740 3796 super·
758 3728 884 3781 dextrum
897 3728 1045 3793 humerum,
1063 3727 1110 3780 sed
1124 3727 1294 3782 Graecanico

145 3829 227 3881 super
249 3815 393 3868 sinistrum
420 3815 506 3880 fibula
536 3817 725 3884 comprehensa
748 3817 941 3871 ‹torrorutraut
991 3816 1138 3885 Vtramque
1163 3821 1294 3881 motuum,

146 3902 263 3956 hemam
287 3903 424 3971 quaeraris,
447 3903 566 3957 brachiis
590 3909 614 3958 et
637 3906 764 3959 cruribus
786 3906 913 3959 abscissis
931 3909 956 3958 et
973 3905 1063 3973 eapite
1080 3906 1230 3973 deperdito,
1249 3907 1293 3960 Io.

145 3990 278 4058 Baptista
308 3991 476 4044 llliclmelius
508 3992 627 4047 Sanctae
660 3993 796 4047 Victoriae
831 3993 1002 4047 Trebulanoe
1031 3993 1171 4062 Martyris
1199 3994 1294 4049 Attus

146 4081 265 4148 miliique
283 4081 366 4148 loupa
380 4080 504 4134 amicitia
518 4084 757 4138 coreiuacts'ssimus
771 4082 995 4136 Emirseutisse'mo
1010 4082 1047 4134 D.
1062 4080 1211 4136 Oardiuali
1225 4082 1294 4137 Oar-

142 4167 227 4233 pineo
249 4168 321 4222 douo
344 4167 418 4222 ‹ledit
442 4167 609 4237 Romamque
632 4171 729 4224 arloebi
753 4171 873 4236 curarit,
896 4187 1014 4239 pisarum
1037 4171 1124 4224 altera
1146 4173 1225 4226 modo
1248 4172 1293 4227 M.

147 4255 258 4310 Aurelii
283 4256 333 4309 Pii
355 4255 400 4321 F„
424 4258 511 4310 altera
536 4256 570 4310 Ρ.
597 4258 724 4327 Septimii
749 4258 843 4312 Seueri
865 4276 997 4328 personas
1021 4265 1126 4328 perum.
1170 4260 1294 4331 bsonpsi

148 4343 273 4398 Fabretti
291 4344 376 4397 verbs
394 4346 438 4411 ut,
460 4345 513 4398 hse
537 4348 647 4400 statuae
665 4365 732 4400 num
750 4347 821 4402 forte
841 4348 1003 4419 superstites
1022 4349 1090 4415 sint,
1113 4352 1253 4417 quaerant
1270 4349 1295 4403 si

148 4430 237 4484 velint
250 4431 436 4501 srchseologi.
