3048 5144
158 399 307 450 VOCALES
331 402 540 448 GEMINATAE
564 402 609 447 ΕΤ
635 403 665 448 L.
690 400 812 448 ACCIVS
836 401 1096 448 assluunslcvs.
1146 385 1206 450 157

88 541 217 626 instituit,
249 565 313 610 uon
342 549 391 608 est
419 545 572 608 continuo
602 543 779 608 credendus
807 543 898 608 nullo
927 543 1119 624 instituisse,
1152 544 1207 606 sed

86 649 130 712 lali
158 651 258 733 potius
288 651 391 734 quod,
421 673 495 715 oum
531 640 696 734 aliquanto
736 651 834 716 etiam
863 650 1018 714 remotius
1048 650 1089 714 ab
1119 649 1207 714 urbis

87 756 291 820 cousuetudine
310 778 407 840 quam
426 757 586 822 maiorum
606 779 682 822 usus
702 766 796 840 esset,
815 757 973 822 minorem
993 757 1091 820 etiam
1111 777 1207 840 quam

87 861 177 926 illcin
209 863 395 948 aequalium
424 864 549 928 animos
582 863 648 930 rim
677 863 820 928 haberet.
870 863 948 928 Fuit
980 865 1087 928 autem
1118 861 1208 944 illud,

86 968 132 1032 uisi
152 990 218 1032 mea
240 991 292 1034 me
311 971 497 1036 coniectura
520 969 614 1054 fallit,
638 968 795 1035 Oscorum
819 971 1017 1055 exemplum:
1045 990 1108 1052 quo
1128 968 1207 1032 duee

86 1075 312 1159 geminationem
332 1077 451 1143 Accius
476 1078 601 1162 ascivit,
619 1079 675 1142 ubi
698 1079 739 1143 ab
759 1078 824 1144 illis
843 1077 1003 1164 geminari
1022 1077 1103 1140 satis
1122 1075 1209 1140 inter

86 1203 173 1247 nunes
190 1187 369 1250 constaret:
398 1207 462 1251 non
488 1190 539 1250 est
562 1207 659 1250 ansius
683 1185 852 1268 asciscere,
879 1183 936 1248 ubi
959 1181 1100 1248 novandi
1124 1181 1207 1266 peri-

86 1287 139 1351 culo
164 1309 201 1352 ne
235 1289 276 1352 ab
310 1290 440 1355 illomm
474 1291 603 1375 quidem
632 1290 826 1356 auctoritate
855 1289 1026 1374 quicquam
1053 1287 1206 1372 praesidii

85 1399 206 1475 paratum
237 1418 308 1460 esse
340 1397 513 1463 videretur.
558 1396 633 1463 Nou
664 1400 838 1482 potuerant
867 1400 974 1461 autem
1003 1395 1078 1470 Qsci
1107 1396 1206 1480 genni-

84 1523 143 1564 nare
159 1525 216 1586 qua
238 1503 351 1569 littera
373 1505 546 1568 carebant:
570 1508 684 1570 contra
702 1503 784 1568 eun
808 1508 840 1567 et
863 1502 891 1566 E
916 1507 948 1565 et
966 1500 996 1566 V
1015 1503 1206 1585 geminasse,

84 1607 142 1670 item
162 1609 327 1674 exclusaI
355 1611 473 1694 vocali,
502 1610 721 1676 Mommsenus
750 1610 844 1674 docet
872 1608 910 1672 de
943 1607 1091 1674 dialectis
1120 1609 1204 1674 libro

85 1735 106 1794 p.
122 1715 185 1779 211.

152 1819 234 1896 Quae
258 1824 286 1887 si
306 1823 354 1888 ita
378 1828 462 1909 sunt,
485 1825 563 1910 qnid
586 1845 657 1888 esse
680 1844 814 1888 caussae
838 1822 1024 1907 putabimus
1043 1843 1109 1904 cur,
1132 1845 1205 1888 cum

85 1925 108 1988 in
126 1927 243 2010 reliquis
268 1929 404 1995 Accium
429 1931 593 1996 videamus
616 1953 683 1996 nou
700 1934 769 1996 lanu
789 1929 978 2015 opposuisse
996 1929 1129 1994 inventa
1148 1951 1206 1994 sua

85 2031 210 2113 pristinae
233 2038 459 2103 consuetudini
486 2061 584 2122 quam
609 2038 649 2102 ad
674 2059 744 2102 earn
769 2036 877 2102 dedita
901 2057 1000 2120 opera
1027 2057 1204 2102 accommo-

84 2136 154 2202 dasse
174 2143 291 2226 potius,
316 2147 426 2208 tamen
448 2165 515 2210 non
540 2144 720 2230 susceperit
744 2165 832 2208 more
855 2125 1015 2207 maiorum
1035 2143 1204 2226 probatam

85 2240 127 2308 Ol
154 2247 402 2335 diphthongum,
434 2275 496 2336 qua
524 2252 703 2336 antiquitus
731 2251 839 2316 notari
862 2250 994 2334 longam
1017 2271 1038 2312 n
1062 2250 1204 2315 vocalem

85 2356 231 2419 communis
255 2358 370 2441 opinio
394 2359 464 2422 est?
501 2358 552 2424 Ea
576 2362 685 2422 autem
708 2359 779 2442 ipsa
804 2356 915 2441 opinio
940 2359 1104 2420 auctorem
1128 2380 1205 2422 saue

85 2456 193 2526 liarium
215 2463 420 2529 Victorinum
443 2464 558 2548 habet,
587 2465 635 2528 sic
657 2467 832 2529 testantem
862 2487 892 2548 p.
917 2463 1003 2528 2459
1027 2463 1061 2528 P.
1088 2465 1128 2528 12
1153 2465 1205 2528 G.:

84 2568 143 2642 qual
159 2571 240 2650 uprul
260 2573 334 2636 illos
352 2571 505 2656 (Graecos
525 2569 777 2654 cincinnatum
796 2594 814 2634 υ
839 2571 957 2634 litterae
975 2589 994 2632 o
1015 2570 1094 2650 fucit
1110 2573 1204 2654 sylla-

85 2669 143 2756 tnnn,
160 2679 252 2742 noslri
274 2680 380 2761 elnam,
401 2679 540 2760 quotiens
561 2679 695 2742 circatam
712 2680 781 2742 soni
800 2678 891 2759 lonpu
908 2675 1029 2758 syllaba
1046 2677 1204 2743 sumenda

84 2785 179 2863 autu
195 2785 255 2866 apsi
272 2785 483 2867 odirtnpebaul
500 2806 520 2847 ο
540 2784 674 2848 litteram
689 2783 821 2868 (litterae
839 2804 1008 2867 perperam
1025 2783 1203 2870 vulgatum:

84 2885 136 2948 inde
149 2890 290 2970 saeptum
309 2891 409 2973 lepilis
426 2891 622 2956 Lonseetios
644 2893 820 2956 nonullos
843 2895 872 2954 cl
890 2891 1033 2956 lontsuen
1054 2897 1084 2956 ct
1100 2898 1202 2958 celena.

85 2987 130 3054 Sed
145 2993 247 3060 eadem
266 3001 379 3062 tamen
398 2997 563 3082 gravimes
583 2997 682 3062 etiam
700 2997 848 3062 Mariana
867 2997 1060 3062 auctoritate
1079 3000 1202 3065 dubita·
1218 3013 1244 3052 ³⁴

85 3095 163 3163 tiones
183 3101 289 3170 habet
337 3103 387 3169 Ac
409 3105 550 3188 primum
569 3104 713 3169 animum
741 3105 882 3170 advertit
904 3125 1024 3188 magua
1047 3127 1112 3170 non
1135 3112 1203 3172 tam

86 3201 162 3284 ipsius
186 3211 305 3276 raritas
336 3209 529 3296 scripturae,
563 3233 660 3296 quam
689 3211 921 3276 vocabulorum
953 3213 1099 3295 paucitas
1132 3235 1202 3278 eam

86 3330 233 3389 passorum.
279 3316 383 3382 Velut
406 3339 461 3383 cur
484 3341 549 3382 non
573 3317 813 3384 VIRTOVTEI
835 3315 1024 3382 MINOVCI
1046 3317 1202 3385 PEOOV·

85 3412 171 3484 Nlllll
212 3421 391 3488 NOVGES
437 3423 633 3490 SOLOVTO
675 3422 932 3490 POVRGATOS
970 3423 1202 3491 FOVFIDIVS

85 3516 353 3596 FORTOVNATA
376 3529 618 3594 Marovrnu
644 3531 869 3615 scriptumest
891 3531 924 3594 in
949 3530 1069 3597 eisdem
1094 3555 1202 3598 munu-

86 3634 174 3698 uentis
197 3636 263 3702 illis
295 3657 365 3720 cap.
388 3636 404 3700 I
428 3638 704 3722 commemoratis,
727 3639 762 3702 in
790 3639 906 3723 quibus
934 3643 1064 3721 praeter
1092 3641 1201 3724 singu-

85 3731 143 3800 tans
161 3739 315 3808 NOVND
339 3739 505 3807 ADIOVT
528 3743 674 3810 FOVLV
694 3742 865 3810 OLOVAO
889 3745 1061 3810 undeciens
1085 3745 1201 3810 Fovit

86 3843 155 3928 redit,
179 3853 292 3932 quater
316 3848 452 3933 DOVC,
475 3855 525 3916 ter
549 3849 673 3930 LOVO,
696 3855 746 3916 ter
770 3849 919 3937 OLOVL,
942 3857 1057 3937 quater
1080 3850 1201 3934 PLOV,

86 3944 141 4014 ilem
168 3953 215 4020 bis
247 3953 415 4020 POVBL?
458 3961 495 4021 ut
527 3957 655 4022 mittam
688 3957 909 4043 frequentatas
942 3957 1066 4024 IOVSS
1094 3955 1201 4022 IOVR

87 4049 165 4120 litun
186 4061 335 4143 syllabas.
373 4061 466 4126 Vnde
485 4063 631 4147 profecto
656 4064 688 4128 in
712 4069 865 4149 promptu
889 4069 939 4130 est
956 4065 1111 4147 conicere,
1135 4085 1200 4129 ecr-

87 4158 122 4220 las
147 4167 370 4233 uocabulorum
403 4168 522 4252 stirpes
556 4169 712 4253 quasdam
746 4172 909 4236 exstitisse
937 4171 1102 4255 propriam
1137 4171 1200 4236 sibi

87 4261 127 4326 [lv
145 4269 319 4339 litterarum
343 4274 531 4340 societatem
555 4281 670 4360 suapte
692 4281 809 4342 natura
832 4283 865 4343 et
887 4277 1012 4364 origine
1036 4278 1199 4344 vindican-

89 4374 128 4438 ἰεῦ.
154 4373 271 4444 Deinde
295 4402 370 4445 cum
393 4382 689 4466 exploratissimum
713 4385 756 4449 sit
780 4387 1029 4470 antiquioremo
1053 4387 1198 4452 vocalem

27 4499 28 4590 ,
89 4487 193 4550 cessisse
214 4488 389 4553 receutiori
407 4510 442 4572 n,
469 4512 535 4556 uon
554 4495 662 4556 autem
683 4492 846 4556 contraria
869 4493 922 4556 via
945 4493 1089 4577 linguam
1113 4494 1154 4558 ab
1177 4516 1199 4557 n
