3062 5142
476 421 733 469 uuuuuurauio
758 421 869 469 usion.
1186 401 1248 466 195

88 557 134 620 ed.
159 557 266 622 Orell.
323 559 393 624 Neu
426 564 506 626 satis
540 563 688 646 adposite
721 565 760 628 ad
797 585 865 627 rem
899 561 1046 626 Dukerus
1079 557 1166 623 Flori
1198 560 1247 623 sui

88 686 116 746 p.
134 665 208 729 930
235 667 285 730 sic
308 669 601 734 commentabatur:
630 669 681 734 ‘de
710 692 774 754 quo
802 669 880 752 quid
908 667 1013 732 dicum
1041 689 1106 732 nou
1128 657 1247 731 habeo:

87 773 149 836 nisi
174 773 235 838 vel
258 795 330 857 eos,
354 775 408 859 qui
432 777 526 859 plura
548 777 584 840 in
608 799 769 842 memore
793 777 850 840 illu
875 776 997 858 scripta
1019 774 1119 838 fuisse
1142 774 1248 857 prodi·

87 880 209 944 derunt
235 903 335 964 quam
351 877 551 967 Cieucuuius,
574 905 687 966 pamm
711 890 797 947 recte
816 881 943 964 vidisse,
967 881 1017 944 vel
1037 880 1149 944 literas
1168 902 1249 943 nun-

87 986 198 1050 nulles
227 986 344 1051 deinde
367 989 415 1052 ita
439 989 618 1068 exolevisse
645 993 683 1054 ut
709 989 814 1053 visum
838 989 1026 1072 effugerent.
1063 1009 1138 1052 num
1168 987 1248 1051 mihi

87 1093 229 1157 omnino
253 1094 439 1159 verosimile
467 1094 593 1160 videtur
617 1094 839 1178 Ciaccunium,
871 1095 925 1179 qui
952 1114 1018 1158 nun
1046 1094 1149 1158 multu
1173 1099 1249 1178 post

87 1201 251 1266 effossum
282 1223 426 1266 marmor
453 1201 603 1268 Rumam.
617 1204 708 1268 venit
742 1206 775 1267 et
802 1204 836 1268 iu
863 1225 901 1267 es
929 1203 1009 1266 urbe
1037 1223 1094 1285 per
1123 1201 1249 1284 aliquot

86 1329 193 1372 annus
221 1308 307 1372 vixit
330 1331 367 1372 ac
391 1309 474 1373 diem
499 1309 595 1393 obiit,
627 1309 887 1393 inscriptionem,
912 1331 1011 1403 quem
1039 1330 1078 1372 ex
1101 1307 1247 1392 professo

85 1414 335 1478 commentario
358 1414 556 1499 inlustravit,
581 1419 614 1480 et
637 1437 733 1499 saepe
756 1420 790 1480 et
809 1415 1052 1480 adcuratissime
1070 1416 1248 1498 inspexisse

86 1543 143 1584 uec
169 1521 358 1605 quidquam
382 1542 505 1604 eurum,
529 1525 705 1606 quactum
729 1522 761 1585 iu
782 1545 820 1586 ea
842 1521 1043 1607 legebantur,
1070 1521 1248 1586 detraxisse

85 1633 141 1690 aut
165 1626 367 1720 addidisse),
396 1628 503 1712 Atque
525 1626 587 1693 huo
607 1627 737 1711 quidem
755 1629 811 1692 ille
831 1628 911 1691 sutis
929 1631 1029 1714 recte3
1053 1650 1117 1712 quo
1136 1631 1247 1693 tamen

1 1725 2 1740 ¹
85 1734 158 1816 plus
185 1733 297 1815 valet,
321 1732 407 1816 quod
431 1755 472 1797 ne
496 1737 570 1798 ante
589 1731 795 1800 Ciaucunium
818 1733 946 1818 quidem
966 1734 1067 1798 lectas
1087 1756 1156 1798 esse
1175 1733 1247 1798 illes

84 1840 236 1924 litterae,
261 1842 440 1906 tacentium
464 1840 502 1904 de
526 1842 572 1906 eis
596 1840 737 1906 Manutii
758 1841 919 1906 Florentii
941 1840 1045 1924 Lipsii
1073 1863 1248 1906 consensus

84 1951 217 2034 arguit:
258 1949 388 2032 quando
422 1946 472 2012 Ὃ.
500 1947 636 2014 Duilius.
669 1949 712 2014 M.
739 1948 761 2013 l'.
790 1949 833 2013 M.
866 1971 976 2032 nepus.
1004 1945 1107 2013 Coss?
1139 1948 1249 2032 posuit

84 2053 241 2138 Pighius.
278 2053 363 2118 Nem
388 2075 444 2118 eur
466 2055 568 2120 nolim
588 2077 626 2118 ex
645 2077 684 2121 eu
703 2055 937 2140 argumentari,
960 2055 1045 2139 quud
1068 2055 1140 2138 ipse
1154 2054 1249 2120 Duel-

83 2161 178 2226 liana
204 2164 316 2224 aetate
335 2183 401 2226 non
420 2163 470 2226 est
488 2183 566 2226 sane
585 2161 738 2227 credibile
757 2162 808 2225 avi
827 2183 944 2227 nomen
964 2160 1131 2226 additurus
1149 2160 1248 2226 fuisse

85 2267 195 2354 [quud
221 2289 293 2333 non
316 2271 391 2332 ente
414 2269 559 2333 exeuntis
583 2270 701 2334 soeculi
730 2269 814 2334 sexti
841 2273 989 2353 tempora
1012 2268 1138 2333 videam
1162 2289 1248 2332 auce·

84 2375 162 2440 dere
197 2371 362 2462 solitum),
388 2374 484 2440 facile
511 2379 562 2440 est
590 2377 631 2441 ad
657 2377 920 2461 intellegendum.
949 2411 990 2422 —
1024 2375 1111 2440 Haeo
1140 2378 1249 2440 autem

86 2483 165 2548 dum
195 2483 319 2566 scribo,
349 2483 483 2548 affertur
504 2484 612 2550 Diarii
634 2483 813 2569 Bergkisni
839 2484 1035 2549 novissimus
1065 2482 1249 2566 fasciculus,

87 2589 119 2654 in
143 2611 218 2676 quo
239 2610 307 2653 non
331 2591 399 2654 sine
422 2591 596 2656 miratione
615 2592 708 2656 video
729 2591 873 2657 BILIOS
897 2591 1036 2656 formum
1060 2591 1100 2654 ab
1126 2588 1249 2655 editore

87 2697 347 2776 commemorari
370 2721 399 2782 p.
418 2699 482 2764 336
506 2704 542 2764 ut
565 2699 599 2764 in
619 2699 768 2765 columna
785 2702 929 2764 rostrata
948 2702 1144 2763 exstantem:
1168 2717 1249 2780 quae

88 2806 177 2870 nihil
214 2809 269 2868 est
300 2804 364 2869 uisi
396 2803 559 2871 Oiuccunii
596 2806 631 2870 in
662 2805 897 2890 supplementis
930 2806 997 2871 suis
1030 2806 1249 2870 commentum

88 2912 192 2997 idque
221 2911 461 2995 pravissimum.
511 2913 575 2990 Qui
608 2934 698 2978 error
728 2913 756 2977 si
784 2912 926 2996 Bergkio
956 2911 1065 2995 potuit
1097 2910 1250 2994 cocidere,

90 3019 247 3101 proiectu
271 3039 335 3082 nun
360 3018 521 3084 videbitur
545 3041 644 3103 opera
672 3019 763 3084 abuti
792 3018 848 3103 qui
874 3039 992 3082 novam
1020 3015 1116 3082 huius
1140 3038 1250 3081 munu-

93 3124 200 3189 menti
224 3123 401 3188 editionem
425 3126 597 3208 paraverit.
631 3124 782 3190 Ceterum
805 3146 870 3189 non
894 3124 1000 3208 magis
1020 3127 1250 3200 sucrescunt,

95 3230 182 3314 quud
206 3229 300 3315 prius
328 3229 428 3296 fuisse
450 3231 578 3298 Duilius
601 3232 707 3297 Bilius
735 3231 868 3314 formas,
899 3229 1091 3294 successisse
1121 3228 1247 3294 demum

97 3337 247 3402 mallim
279 3337 404 3402 Bellias
433 3336 595 3422 Bergkius
631 3338 694 3402 sibi
726 3337 900 3422 persuasit:
934 3336 967 3400 id
1000 3335 1085 3421 quod
1117 3356 1249 3418 prorsus

97 3444 195 3508 aliter
219 3465 257 3508 se
279 3443 390 3508 habet.
877 3433 880 3440 ’

187 3550 298 3616 Versu
325 3529 434 3615 cutem
463 3553 569 3635 primu
598 3551 689 3616 ANO
722 3553 769 3618 sic
796 3555 832 3616 ut
858 3552 955 3617 hodie
987 3548 1102 3614 fractis
1129 3549 1250 3614 litteris

100 3655 310 3722 Boherellus:
334 3656 427 3741 plene
450 3657 637 3742 perscriptis
660 3657 836 3741 Manutius,
859 3655 989 3741 Lipsius
1014 3655 1042 3720 2.
1066 3655 1096 3733 3,
1120 3653 1250 3719 Oiaocu·

99 3765 181 3848 mus,
205 3763 357 3847 Goazius,
380 3763 636 3829 Kellermannus.
683 3763 745 3829 AN
761 3764 810 3830 -0
833 3764 967 3829 Panvin
1009 3761 1102 3826 AND
1121 3759 1249 3844 Lipsius

102 3873 126 3953 l,
144 3872 270 3956 quippe
289 3869 489 3953 paynANDu
503 3869 667 3954 supplens.
701 3869 815 3936 ANOS
830 3870 976 3956 Pighius.
1010 3865 1032 3931 S
1057 3865 1173 3932 AN·0
1192 3865 1251 3930 La-

100 3976 229 4043 frerius:
263 3997 329 4060 quo
357 3969 497 4042 voluiss'e
527 3975 850 4060 suffecturi-opidum
878 3973 929 4061 (ut
956 3977 1006 4038 est
1029 3973 1113 4056 apud
1136 3971 1250 4056 Puni.)

99 4085 287 4171 siguificare
310 4081 465 4147 credibile
489 4087 539 4148 est

184 4189 271 4257 V.2
303 4186 352 4252 D·
375 4187 529 4254 xulluu
552 4189 638 4254 Men.
670 4187 897 4254 Danuuius
922 4185 1008 4253 (liae.
1036 4183 1250 4251 Duxuuu'u

100 4297 179 4366 liell
229 4294 420 4361 ΕΧΕΜΕΤ
448 4295 535 4379 Lips.
559 4297 588 4366 2.
633 4293 801 4361 exaltus
830 4293 917 4379 Lips.
944 4296 971 4359 1.
1012 4289 1290 4357 Duxuuuuu

99 4405 214 4491 reliqui
318 4401 359 4465 In
377 4402 442 4466 fine
461 4399 645 4467 LEOIONL
667 4401 746 4465 Boh.
775 4397 967 4466 LEOIONE
981 4398 1065 4462 Kell.
1089 4395 1251 4464 LECION

98 4511 180 4578 llari.
205 4509 305 4594 Pigh.
331 4506 418 4590 Lips.
440 4508 467 4571 1.
490 4505 575 4573 Oiec.
598 4506 677 4594 (nisi
699 4507 783 4592 qnod
808 4505 837 4569 G
860 4505 963 4590 proO
986 4503 1088 4589 Pigh,
1111 4503 1138 4568 T
1157 4528 1216 4588 pru
1235 4504 1251 4568 Ι

983 4609 1036 4662 13*
