<?xml version="1.0" encoding="UTF-8"?>
<!DOCTYPE html PUBLIC "-//W3C//DTD XHTML 1.0 Transitional//EN"
    "http://www.w3.org/TR/xhtml1/DTD/xhtml1-transitional.dtd">
<html xmlns="http://www.w3.org/1999/xhtml" xml:lang="en" lang="en">
 <head>
  <title>
</title>
<meta http-equiv="Content-Type" content="text/html;charset=utf-8" />
  <meta name='ocr-system' content='tesseract 3.04.00' />
  <meta name='ocr-capabilities' content='ocr_page ocr_carea ocr_par ocr_line ocrx_word'/>
</head>
<body>
  <div class='ocr_page' id='page_1' title='image "./fridericiritsch03wachgoog/fridericiritsch03wachgoog_0299.png"; bbox 0 0 3062 5142; ppageno 0'>
   <div class='ocr_carea' id='block_1_1' title="bbox 297 375 1121 442">
    <p class='ocr_par' dir='ltr' id='par_1_1' title="bbox 297 375 1121 442">
     <span class='ocr_line' id='line_1_1' title="bbox 297 375 1121 442; baseline 0.004 -3"><span class='ocrx_word' id='word_1_1' title='bbox 297 375 363 439; x_wconf 83' lang='grc'><strong>274</strong></span> <span class='ocrx_word' id='word_1_2' title='bbox 620 393 667 440; x_wconf 84' lang='lat' dir='ltr'><strong>na</strong></span> <span class='ocrx_word' id='word_1_3' title='bbox 689 393 887 442; x_wconf 74' lang='lat' dir='ltr'><strong>rrcrrnnsvs</strong></span> <span class='ocrx_word' id='word_1_4' title='bbox 910 393 1121 442; x_wconf 73' lang='lat' dir='ltr'><strong>amasenus</strong></span> 
     </span>
    </p>
   </div>
   <div class='ocr_carea' id='block_1_2' title="bbox 256 531 1527 4456">
    <p class='ocr_par' dir='ltr' id='par_1_2' title="bbox 256 531 1472 2091">
     <span class='ocr_line' id='line_1_2' title="bbox 256 531 1471 618; baseline -0.001 -21"><span class='ocrx_word' id='word_1_5' title='bbox 256 544 280 582; x_wconf 84' lang='lat'><strong>¹¹</strong></span> <span class='ocrx_word' id='word_1_6' title='bbox 295 534 386 598; x_wconf 88' lang='lat' dir='ltr'><strong>brevi</strong></span> <span class='ocrx_word' id='word_1_7' title='bbox 413 533 518 598; x_wconf 87' lang='lat' dir='ltr'><strong>vocali</strong></span> <span class='ocrx_word' id='word_1_8' title='bbox 545 554 615 598; x_wconf 86' lang='lat' dir='ltr'><strong>esse</strong></span> <span class='ocrx_word' id='word_1_9' title='bbox 642 535 741 599; x_wconf 90' lang='lat' dir='ltr'><strong>etiam</strong></span> <span class='ocrx_word' id='word_1_10' title='bbox 769 540 922 602; x_wconf 84' lang='lat' dir='ltr'><strong>statura</strong></span> <span class='ocrx_word' id='word_1_11' title='bbox 949 536 1188 602; x_wconf 86' lang='lat' dir='ltr'><strong>substantivum</strong></span> <span class='ocrx_word' id='word_1_12' title='bbox 1216 534 1323 618; x_wconf 86' lang='lat' dir='ltr'><strong>vulgo</strong></span> <span class='ocrx_word' id='word_1_13' title='bbox 1358 531 1471 613; x_wconf 83' lang='lat' dir='ltr'><strong>credi,</strong></span> 
     </span>
     <span class='ocr_line' id='line_1_3' title="bbox 295 639 1471 724; baseline -0.001 -21"><span class='ocrx_word' id='word_1_14' title='bbox 295 640 428 704; x_wconf 86' lang='lat' dir='ltr'><strong>tametsi</strong></span> <span class='ocrx_word' id='word_1_15' title='bbox 452 639 491 704; x_wconf 87' lang='lat' dir='ltr'><strong>ad</strong></span> <span class='ocrx_word' id='word_1_16' title='bbox 515 661 587 704; x_wconf 88' lang='lat' dir='ltr'><strong>eam</strong></span> <span class='ocrx_word' id='word_1_17' title='bbox 610 661 794 706; x_wconf 86' lang='lat' dir='ltr'><strong>mensuram</strong></span> <span class='ocrx_word' id='word_1_18' title='bbox 818 643 1104 708; x_wconf 78' lang='lat' dir='ltr'><strong>demonstrandam</strong></span> <span class='ocrx_word' id='word_1_19' title='bbox 1121 641 1364 706; x_wconf 79' lang='lat' dir='ltr'><strong>PlautInorum</strong></span> <span class='ocrx_word' id='word_1_20' title='bbox 1393 639 1471 724; x_wconf 89' lang='lat' dir='ltr'><strong>qui-</strong></span> 
     </span>
     <span class='ocr_line' id='line_1_4' title="bbox 295 744 1472 831; baseline 0 -21"><span class='ocrx_word' id='word_1_21' title='bbox 295 747 355 810; x_wconf 90' lang='lat' dir='ltr'><strong>bus</strong></span> <span class='ocrx_word' id='word_1_22' title='bbox 378 744 446 810; x_wconf 85' lang='lat' dir='ltr'><strong>fere</strong></span> <span class='ocrx_word' id='word_1_23' title='bbox 469 750 605 812; x_wconf 88' lang='lat' dir='ltr'><strong>utuntur</strong></span> <span class='ocrx_word' id='word_1_24' title='bbox 627 769 776 812; x_wconf 87' lang='lat' dir='ltr'><strong>versuum</strong></span> <span class='ocrx_word' id='word_1_25' title='bbox 808 749 857 813; x_wconf 86' lang='lat' dir='ltr'><strong>vis</strong></span> <span class='ocrx_word' id='word_1_26' title='bbox 880 749 970 814; x_wconf 86' lang='lat' dir='ltr'><strong>nulla</strong></span> <span class='ocrx_word' id='word_1_27' title='bbox 993 753 1051 813; x_wconf 86' lang='lat' dir='ltr'><strong>est.</strong></span> <span class='ocrx_word' id='word_1_28' title='bbox 1096 747 1128 813; x_wconf 92' lang='lat' dir='ltr'>N</span> <span class='ocrx_word' id='word_1_29' title='bbox 1131 768 1167 811; x_wconf 87' lang='lat' dir='ltr'><strong>ec</strong></span> <span class='ocrx_word' id='word_1_30' title='bbox 1189 767 1272 831; x_wconf 84' lang='lat' dir='ltr'><strong>nego</strong></span> <span class='ocrx_word' id='word_1_31' title='bbox 1298 747 1472 831; x_wconf 85' lang='lat' dir='ltr'><strong>potuisse</strong></span> 
     </span>
     <span class='ocr_line' id='line_1_5' title="bbox 296 851 1471 936; baseline -0.002 -18"><span class='ocrx_word' id='word_1_32' title='bbox 296 854 427 936; x_wconf 82' lang='lat' dir='ltr'>corripi:</span> <span class='ocrx_word' id='word_1_33' title='bbox 460 855 527 920; x_wconf 87' lang='lat' dir='ltr'><strong>scio</strong></span> <span class='ocrx_word' id='word_1_34' title='bbox 550 859 663 920; x_wconf 85' lang='lat' dir='ltr'><strong>contra</strong></span> <span class='ocrx_word' id='word_1_35' title='bbox 686 857 825 922; x_wconf 81' lang='lat' dir='ltr'>sensisse</span> <span class='ocrx_word' id='word_1_36' title='bbox 848 854 1050 919; x_wconf 87' lang='lat' dir='ltr'><strong>Priscianum</strong></span> <span class='ocrx_word' id='word_1_37' title='bbox 1073 853 1094 917; x_wconf 93' lang='lat' dir='ltr'><strong>l.</strong></span> <span class='ocrx_word' id='word_1_38' title='bbox 1117 851 1174 936; x_wconf 89' lang='lat' dir='ltr'><strong>IV,</strong></span> <span class='ocrx_word' id='word_1_39' title='bbox 1197 854 1253 918; x_wconf 90' lang='lat' dir='ltr'><strong>ubi</strong></span> <span class='ocrx_word' id='word_1_40' title='bbox 1275 875 1471 918; x_wconf 90' lang='lat' dir='ltr'><strong>enumera-</strong></span> 
     </span>
     <span class='ocr_line' id='line_1_6' title="bbox 296 959 1472 1046; baseline -0.001 -23"><span class='ocrx_word' id='word_1_41' title='bbox 296 959 340 1024; x_wconf 92' lang='lat' dir='ltr'><strong>tis</strong></span> <span class='ocrx_word' id='word_1_42' title='bbox 363 960 534 1026; x_wconf 84' lang='lat' dir='ltr'><strong>brevitatis</strong></span> <span class='ocrx_word' id='word_1_43' title='bbox 559 962 713 1046; x_wconf 82' lang='lat' dir='ltr'><strong>exemplis</strong></span> <span class='ocrx_word' id='word_1_44' title='bbox 733 963 779 1027; x_wconf 88' lang='lat' dir='ltr'><strong>sic</strong></span> <span class='ocrx_word' id='word_1_45' title='bbox 797 960 919 1045; x_wconf 81' lang='lat' dir='ltr'><strong>pergIt:</strong></span> <span class='ocrx_word' id='word_1_46' title='bbox 943 959 1113 1042; x_wconf 77' lang='lat' dir='ltr'><strong>‘excipitur</strong></span> <span class='ocrx_word' id='word_1_47' title='bbox 1138 963 1288 1023; x_wconf 87' lang='lat' dir='ltr'><strong>stamen</strong></span> <span class='ocrx_word' id='word_1_48' title='bbox 1314 965 1357 1023; x_wconf 86' lang='lat' dir='ltr'><strong>et</strong></span> <span class='ocrx_word' id='word_1_49' title='bbox 1384 965 1472 1023; x_wconf 89' lang='lat' dir='ltr'><strong>sta-</strong></span> 
     </span>
     <span class='ocr_line' id='line_1_7' title="bbox 296 1064 1470 1152; baseline -0.003 -21"><span class='ocrx_word' id='word_1_50' title='bbox 296 1070 397 1152; x_wconf 88' lang='lat' dir='ltr'><strong>tura,</strong></span> <span class='ocrx_word' id='word_1_51' title='bbox 434 1069 519 1152; x_wconf 88' lang='lat' dir='ltr'><strong>quod</strong></span> <span class='ocrx_word' id='word_1_52' title='bbox 549 1074 618 1134; x_wconf 89' lang='lat' dir='ltr'><strong>tam</strong></span> <span class='ocrx_word' id='word_1_53' title='bbox 649 1091 766 1135; x_wconf 87' lang='lat' dir='ltr'><strong>nomen</strong></span> <span class='ocrx_word' id='word_1_54' title='bbox 805 1090 901 1152; x_wconf 92' lang='lat' dir='ltr'><strong>quam</strong></span> <span class='ocrx_word' id='word_1_55' title='bbox 938 1067 1145 1151; x_wconf 87' lang='lat' dir='ltr'><strong>participium</strong></span> <span class='ocrx_word' id='word_1_56' title='bbox 1180 1064 1257 1149; x_wconf 84' lang='lat' dir='ltr'><strong>est’,</strong></span> <span class='ocrx_word' id='word_1_57' title='bbox 1295 1065 1470 1149; x_wconf 88' lang='lat' dir='ltr'><strong>exemplo</strong></span> 
     </span>
     <span class='ocr_line' id='line_1_8' title="bbox 296 1173 1472 1260; baseline -0.001 -23"><span class='ocrx_word' id='word_1_58' title='bbox 296 1179 404 1240; x_wconf 83' lang='lat' dir='ltr'><strong>tamen</strong></span> <span class='ocrx_word' id='word_1_59' title='bbox 437 1175 537 1240; x_wconf 89' lang='lat' dir='ltr'><strong>solius</strong></span> <span class='ocrx_word' id='word_1_60' title='bbox 565 1177 731 1260; x_wconf 90' lang='lat' dir='ltr'><strong>participii</strong></span> <span class='ocrx_word' id='word_1_61' title='bbox 763 1175 919 1239; x_wconf 86' lang='lat' dir='ltr'><strong>subiecto.</strong></span> <span class='ocrx_word' id='word_1_62' title='bbox 969 1173 1105 1249; x_wconf 79' lang='lat' dir='ltr'><strong>Quicum</strong></span> <span class='ocrx_word' id='word_1_63' title='bbox 1143 1174 1364 1240; x_wconf 88' lang='lat' dir='ltr'><strong>coniunctum</strong></span> <span class='ocrx_word' id='word_1_64' title='bbox 1404 1177 1472 1254; x_wconf 82' lang='lat' dir='ltr'><strong>est,</strong></span> 
     </span>
     <span class='ocr_line' id='line_1_9' title="bbox 296 1279 1472 1366; baseline -0.003 -20"><span class='ocrx_word' id='word_1_65' title='bbox 296 1282 380 1364; x_wconf 92' lang='lat' dir='ltr'><strong>quod</strong></span> <span class='ocrx_word' id='word_1_66' title='bbox 403 1282 424 1346; x_wconf 90' lang='lat'><strong>1.</strong></span> <span class='ocrx_word' id='word_1_67' title='bbox 443 1282 489 1346; x_wconf 89' lang='lat' dir='ltr'><strong>IX</strong></span> <span class='ocrx_word' id='word_1_68' title='bbox 514 1284 621 1347; x_wconf 78' lang='lat' dir='ltr'><strong>‘steti</strong></span> <span class='ocrx_word' id='word_1_69' title='bbox 643 1280 733 1348; x_wconf 80' lang='lat' dir='ltr'><strong>,vero&#39;</strong></span> <span class='ocrx_word' id='word_1_70' title='bbox 756 1282 863 1366; x_wconf 86' lang='lat' dir='ltr'><strong>inquit</strong></span> <span class='ocrx_word' id='word_1_71' title='bbox 887 1281 1045 1345; x_wconf 74' lang='lat' dir='ltr'><strong>‘statum</strong></span> <span class='ocrx_word' id='word_1_72' title='bbox 1068 1281 1221 1364; x_wconf 89' lang='lat' dir='ltr'><strong>supinum</strong></span> <span class='ocrx_word' id='word_1_73' title='bbox 1241 1279 1472 1363; x_wconf 72' lang='lat' dir='ltr'><strong>paenultima</strong></span> 
     </span>
     <span class='ocr_line' id='line_1_10' title="bbox 296 1385 1469 1472; baseline 0 -22"><span class='ocrx_word' id='word_1_74' title='bbox 296 1387 453 1469; x_wconf 86' lang='lat' dir='ltr'><strong>producta</strong></span> <span class='ocrx_word' id='word_1_75' title='bbox 477 1387 573 1452; x_wconf 87' lang='lat' dir='ltr'><strong>debet</strong></span> <span class='ocrx_word' id='word_1_76' title='bbox 594 1387 725 1453; x_wconf 87' lang='lat' dir='ltr'><strong>facere&#39;:</strong></span> <span class='ocrx_word' id='word_1_77' title='bbox 754 1388 840 1472; x_wconf 92' lang='lat' dir='ltr'><strong>quod</strong></span> <span class='ocrx_word' id='word_1_78' title='bbox 869 1388 897 1452; x_wconf 90' lang='lat' dir='ltr'><strong>si</strong></span> <span class='ocrx_word' id='word_1_79' title='bbox 920 1407 994 1452; x_wconf 87' lang='lat' dir='ltr'><strong>vere</strong></span> <span class='ocrx_word' id='word_1_80' title='bbox 1019 1386 1115 1466; x_wconf 81' lang='lat' dir='ltr'><strong>dixit,</strong></span> <span class='ocrx_word' id='word_1_81' title='bbox 1146 1385 1231 1450; x_wconf 88' lang='lat' dir='ltr'><strong>idem</strong></span> <span class='ocrx_word' id='word_1_82' title='bbox 1259 1386 1469 1452; x_wconf 87' lang='lat' dir='ltr'><strong>necessario</strong></span> 
     </span>
     <span class='ocr_line' id='line_1_11' title="bbox 295 1493 1469 1578; baseline 0.001 -22"><span class='ocrx_word' id='word_1_83' title='bbox 295 1493 338 1556; x_wconf 85' lang='lat' dir='ltr'><strong>ad</strong></span> <span class='ocrx_word' id='word_1_84' title='bbox 361 1497 490 1558; x_wconf 88' lang='lat' dir='ltr'><strong>status</strong></span> <span class='ocrx_word' id='word_1_85' title='bbox 519 1495 726 1578; x_wconf 76' lang='lat' dir='ltr'><strong>participium</strong></span> <span class='ocrx_word' id='word_1_86' title='bbox 755 1496 916 1578; x_wconf 86' lang='lat' dir='ltr'><strong>pertinere</strong></span> <span class='ocrx_word' id='word_1_87' title='bbox 948 1515 1060 1559; x_wconf 92' lang='lat' dir='ltr'><strong>omues</strong></span> <span class='ocrx_word' id='word_1_88' title='bbox 1087 1493 1184 1558; x_wconf 89' lang='lat' dir='ltr'><strong>bodie</strong></span> <span class='ocrx_word' id='word_1_89' title='bbox 1211 1493 1469 1578; x_wconf 67' lang='lat' dir='ltr'><strong>intellegimus,</strong></span> 
     </span>
     <span class='ocr_line' id='line_1_12' title="bbox 297 1599 1467 1684; baseline 0 -20"><span class='ocrx_word' id='word_1_90' title='bbox 297 1599 383 1682; x_wconf 91' lang='lat' dir='ltr'><strong>quod</strong></span> <span class='ocrx_word' id='word_1_91' title='bbox 407 1599 536 1682; x_wconf 90' lang='lat' dir='ltr'><strong>quidem</strong></span> <span class='ocrx_word' id='word_1_92' title='bbox 557 1601 613 1665; x_wconf 86' lang='lat' dir='ltr'><strong>ille</strong></span> <span class='ocrx_word' id='word_1_93' title='bbox 637 1601 832 1666; x_wconf 82' lang='lat' dir='ltr'><strong>adiectirum</strong></span> <span class='ocrx_word' id='word_1_94' title='bbox 855 1621 933 1666; x_wconf 88' lang='lat' dir='ltr'><strong>sane</strong></span> <span class='ocrx_word' id='word_1_95' title='bbox 955 1601 1189 1684; x_wconf 88' lang='lat' dir='ltr'><strong>interpretatus</strong></span> <span class='ocrx_word' id='word_1_96' title='bbox 1217 1603 1277 1665; x_wconf 87' lang='lat' dir='ltr'><strong>est.</strong></span> <span class='ocrx_word' id='word_1_97' title='bbox 1324 1599 1467 1666; x_wconf 84' lang='lat' dir='ltr'><strong>Verum</strong></span> 
     </span>
     <span class='ocr_line' id='line_1_13' title="bbox 298 1704 1466 1792; baseline 0.003 -24"><span class='ocrx_word' id='word_1_98' title='bbox 298 1708 348 1770; x_wconf 82' lang='lat' dir='ltr'><strong>est</strong></span> <span class='ocrx_word' id='word_1_99' title='bbox 366 1709 473 1770; x_wconf 86' lang='lat' dir='ltr'><strong>autem</strong></span> <span class='ocrx_word' id='word_1_100' title='bbox 492 1710 673 1792; x_wconf 87' lang='lat' dir='ltr'><strong>utrumque,</strong></span> <span class='ocrx_word' id='word_1_101' title='bbox 696 1708 759 1772; x_wconf 89' lang='lat' dir='ltr'><strong>nisi</strong></span> <span class='ocrx_word' id='word_1_102' title='bbox 778 1707 869 1771; x_wconf 88' lang='lat' dir='ltr'><strong>miris</strong></span> <span class='ocrx_word' id='word_1_103' title='bbox 888 1705 992 1772; x_wconf 90' lang='lat' dir='ltr'><strong>modis</strong></span> <span class='ocrx_word' id='word_1_104' title='bbox 1011 1707 1050 1770; x_wconf 88' lang='lat' dir='ltr'><strong>de</strong></span> <span class='ocrx_word' id='word_1_105' title='bbox 1064 1704 1180 1770; x_wconf 84' lang='lat' dir='ltr'><strong>Lucilii</strong></span> <span class='ocrx_word' id='word_1_106' title='bbox 1199 1706 1284 1789; x_wconf 89' lang='lat' dir='ltr'><strong>apud</strong></span> <span class='ocrx_word' id='word_1_107' title='bbox 1299 1706 1466 1772; x_wconf 85' lang='lat' dir='ltr'><strong>Nonium</strong></span> 
     </span>
     <span class='ocr_line' id='line_1_14' title="bbox 296 1812 1465 1902; baseline 0.002 -26"><span class='ocrx_word' id='word_1_108' title='bbox 296 1835 327 1897; x_wconf 88' lang='lat' dir='ltr'><strong>p.</strong></span> <span class='ocrx_word' id='word_1_109' title='bbox 346 1813 411 1877; x_wconf 79' lang='lat'><strong>226</strong></span> <span class='ocrx_word' id='word_1_110' title='bbox 434 1813 624 1878; x_wconf 83' lang='lat' dir='ltr'><strong>testimonio</strong></span> <span class='ocrx_word' id='word_1_111' title='bbox 647 1813 794 1902; x_wconf 79' lang='lat' dir='ltr'><strong>fallimur</strong></span> <span class='ocrx_word' id='word_1_112' title='bbox 817 1812 902 1896; x_wconf 92' lang='lat' dir='ltr'><strong>quod</strong></span> <span class='ocrx_word' id='word_1_113' title='bbox 930 1817 980 1877; x_wconf 87' lang='lat' dir='ltr'><strong>est</strong></span> <span class='ocrx_word' id='word_1_114' title='bbox 1006 1813 1086 1879; x_wconf 90' lang='lat' dir='ltr'><strong>tale:</strong></span> <span class='ocrx_word' id='word_1_115' title='bbox 1120 1812 1284 1878; x_wconf 82' lang='lat' dir='ltr'><strong>‘statura</strong></span> <span class='ocrx_word' id='word_1_116' title='bbox 1316 1816 1465 1899; x_wconf 86' lang='lat' dir='ltr'><strong>generis</strong></span> 
     </span>
     <span class='ocr_line' id='line_1_15' title="bbox 296 1917 1465 2004; baseline 0.004 -23"><span class='ocrx_word' id='word_1_117' title='bbox 296 1917 452 1984; x_wconf 87' lang='lat' dir='ltr'><strong>feminini.</strong></span> <span class='ocrx_word' id='word_1_118' title='bbox 498 1919 643 1984; x_wconf 88' lang='lat' dir='ltr'><strong>Lucilius</strong></span> <span class='ocrx_word' id='word_1_119' title='bbox 665 1920 721 1984; x_wconf 91' lang='lat' dir='ltr'><strong>lib.</strong></span> <span class='ocrx_word' id='word_1_120' title='bbox 740 1919 898 1984; x_wconf 90' lang='lat' dir='ltr'>XXVIII:</span> <span class='ocrx_word' id='word_1_121' title='bbox 922 1942 1021 2004; x_wconf 86' lang='lat' dir='ltr'><strong>quara</strong></span> <span class='ocrx_word' id='word_1_122' title='bbox 1043 1941 1102 2004; x_wconf 89' lang='lat' dir='ltr'><strong>pro</strong></span> <span class='ocrx_word' id='word_1_123' title='bbox 1125 1919 1209 1984; x_wconf 75' lang='lat' dir='ltr'><strong>facie</strong></span> <span class='ocrx_word' id='word_1_124' title='bbox 1232 1943 1292 2004; x_wconf 89' lang='lat' dir='ltr'><strong>pro</strong></span> <span class='ocrx_word' id='word_1_125' title='bbox 1320 1925 1465 1986; x_wconf 84' lang='lat' dir='ltr'><strong>statura</strong></span> 
     </span>
     <span class='ocr_line' id='line_1_16' title="bbox 296 2023 1230 2091; baseline 0.002 -3"><span class='ocrx_word' id='word_1_126' title='bbox 296 2023 414 2090; x_wconf 86' lang='lat' dir='ltr'><strong>Accius</strong></span> <span class='ocrx_word' id='word_1_127' title='bbox 438 2024 565 2091; x_wconf 69' lang='lat' dir='ltr'><strong>status?</strong></span> <span class='ocrx_word' id='word_1_128' title='bbox 611 2025 844 2090; x_wconf 83' lang='lat' dir='ltr'><strong>Hexametrum</strong></span> <span class='ocrx_word' id='word_1_129' title='bbox 868 2026 952 2090; x_wconf 87' lang='lat' dir='ltr'><strong>enim</strong></span> <span class='ocrx_word' id='word_1_130' title='bbox 976 2047 1105 2090; x_wconf 85' lang='lat' dir='ltr'><strong>versum</strong></span> <span class='ocrx_word' id='word_1_131' title='bbox 1129 2025 1230 2090; x_wconf 88' lang='lat' dir='ltr'><strong>habes</strong></span> 
     </span>
    </p>

    <p class='ocr_par' dir='ltr' id='par_1_3' title="bbox 296 2129 1461 2860">
     <span class='ocr_line' id='line_1_17' title="bbox 452 2129 1287 2217; baseline -0.002 -19"><span class='ocrx_word' id='word_1_132' title='bbox 452 2131 558 2208; x_wconf 80' lang='lat' dir='ltr'><strong>Quare</strong></span> <span class='ocrx_word' id='word_1_133' title='bbox 582 2155 640 2217; x_wconf 89' lang='lat' dir='ltr'><strong>pro</strong></span> <span class='ocrx_word' id='word_1_134' title='bbox 664 2132 759 2216; x_wconf 88' lang='lat' dir='ltr'><strong>facie,</strong></span> <span class='ocrx_word' id='word_1_135' title='bbox 782 2154 841 2216; x_wconf 89' lang='lat' dir='ltr'><strong>pro</strong></span> <span class='ocrx_word' id='word_1_136' title='bbox 865 2135 991 2196; x_wconf 87' lang='lat' dir='ltr'><strong>statura</strong></span> <span class='ocrx_word' id='word_1_137' title='bbox 1014 2129 1123 2197; x_wconf 83' lang='lat' dir='ltr'><strong>Acciu&#39;</strong></span> <span class='ocrx_word' id='word_1_138' title='bbox 1147 2136 1287 2214; x_wconf 84' lang='lat' dir='ltr'><strong>status,</strong></span> 
     </span>
     <span class='ocr_line' id='line_1_18' title="bbox 298 2237 1461 2322; baseline 0.002 -20"><span class='ocrx_word' id='word_1_139' title='bbox 298 2259 360 2321; x_wconf 92' lang='lat' dir='ltr'><strong>quo</strong></span> <span class='ocrx_word' id='word_1_140' title='bbox 385 2238 425 2302; x_wconf 89' lang='lat' dir='ltr'><strong>ad</strong></span> <span class='ocrx_word' id='word_1_141' title='bbox 448 2237 624 2304; x_wconf 78' lang='lat' dir='ltr'><strong>Accianum</strong></span> <span class='ocrx_word' id='word_1_142' title='bbox 654 2239 804 2304; x_wconf 78' lang='lat' dir='ltr'><strong>vocabuli</strong></span> <span class='ocrx_word' id='word_1_143' title='bbox 827 2261 933 2322; x_wconf 85' lang='lat' dir='ltr'><strong>usum,</strong></span> <span class='ocrx_word' id='word_1_144' title='bbox 964 2243 1003 2304; x_wconf 88' lang='lat' dir='ltr'><strong>ut</strong></span> <span class='ocrx_word' id='word_1_145' title='bbox 1030 2238 1070 2303; x_wconf 95' lang='lat' dir='ltr'><strong>ad</strong></span> <span class='ocrx_word' id='word_1_146' title='bbox 1094 2238 1160 2304; x_wconf 89' lang='lat' dir='ltr'><strong>alia</strong></span> <span class='ocrx_word' id='word_1_147' title='bbox 1181 2237 1331 2304; x_wconf 85' lang='lat' dir='ltr'><strong>Acciana</strong></span> <span class='ocrx_word' id='word_1_148' title='bbox 1360 2239 1461 2322; x_wconf 87' lang='lat' dir='ltr'><strong>alibi,</strong></span> 
     </span>
     <span class='ocr_line' id='line_1_19' title="bbox 296 2344 1460 2428; baseline 0.003 -19"><span class='ocrx_word' id='word_1_149' title='bbox 296 2346 438 2428; x_wconf 83' lang='lat' dir='ltr'><strong>respexit</strong></span> <span class='ocrx_word' id='word_1_150' title='bbox 461 2344 617 2411; x_wconf 87' lang='lat' dir='ltr'><strong>Lucilius:</strong></span> <span class='ocrx_word' id='word_1_151' title='bbox 651 2352 687 2412; x_wconf 91' lang='lat' dir='ltr'><strong>ut</strong></span> <span class='ocrx_word' id='word_1_152' title='bbox 711 2347 750 2412; x_wconf 90' lang='lat' dir='ltr'><strong>de</strong></span> <span class='ocrx_word' id='word_1_153' title='bbox 769 2347 954 2412; x_wconf 89' lang='lat' dir='ltr'><strong>discrimine</strong></span> <span class='ocrx_word' id='word_1_154' title='bbox 982 2348 1109 2411; x_wconf 85' lang='lat' dir='ltr'><strong>status</strong></span> <span class='ocrx_word' id='word_1_155' title='bbox 1137 2351 1171 2411; x_wconf 86' lang='lat' dir='ltr'><strong>et</strong></span> <span class='ocrx_word' id='word_1_156' title='bbox 1198 2351 1356 2412; x_wconf 88' lang='lat' dir='ltr'><strong>statura</strong></span> <span class='ocrx_word' id='word_1_157' title='bbox 1389 2347 1460 2412; x_wconf 87' lang='lat' dir='ltr'><strong>for-</strong></span> 
     </span>
     <span class='ocr_line' id='line_1_20' title="bbox 296 2451 1458 2537; baseline 0.003 -23"><span class='ocrx_word' id='word_1_158' title='bbox 296 2472 422 2517; x_wconf 90' lang='lat' dir='ltr'><strong>marum</strong></span> <span class='ocrx_word' id='word_1_159' title='bbox 446 2455 605 2537; x_wconf 84' lang='lat' dir='ltr'><strong>quaesivit</strong></span> <span class='ocrx_word' id='word_1_160' title='bbox 629 2454 727 2518; x_wconf 88' lang='lat' dir='ltr'><strong>etiam</strong></span> <span class='ocrx_word' id='word_1_161' title='bbox 751 2452 900 2519; x_wconf 89' lang='lat' dir='ltr'><strong>Donatus</strong></span> <span class='ocrx_word' id='word_1_162' title='bbox 923 2454 957 2517; x_wconf 91' lang='lat' dir='ltr'><strong>in</strong></span> <span class='ocrx_word' id='word_1_163' title='bbox 975 2452 1126 2518; x_wconf 81' lang='lat' dir='ltr'><strong>Eunuchi</strong></span> <span class='ocrx_word' id='word_1_164' title='bbox 1148 2451 1207 2537; x_wconf 72' lang='grc' dir='ltr'>ΙΙΙ,</span> <span class='ocrx_word' id='word_1_165' title='bbox 1225 2453 1256 2536; x_wconf 84' lang='lat'><strong>5,</strong></span> <span class='ocrx_word' id='word_1_166' title='bbox 1274 2454 1329 2518; x_wconf 83' lang='lat'><strong>50.</strong></span> <span class='ocrx_word' id='word_1_167' title='bbox 1383 2451 1458 2518; x_wconf 87' lang='lat' dir='ltr'><strong>Nec</strong></span> 
     </span>
     <span class='ocr_line' id='line_1_21' title="bbox 297 2557 1459 2646; baseline 0.003 -24"><span class='ocrx_word' id='word_1_168' title='bbox 297 2557 391 2624; x_wconf 85' lang='lat' dir='ltr'><strong>aliter</strong></span> <span class='ocrx_word' id='word_1_169' title='bbox 414 2560 562 2643; x_wconf 91' lang='lat' dir='ltr'><strong>suspicor</strong></span> <span class='ocrx_word' id='word_1_170' title='bbox 585 2560 621 2626; x_wconf 90' lang='grc' dir='ltr'><strong>Ο.</strong></span> <span class='ocrx_word' id='word_1_171' title='bbox 644 2559 823 2626; x_wconf 86' lang='lat' dir='ltr'><strong>Ribbeokio</strong></span> <span class='ocrx_word' id='word_1_172' title='bbox 854 2581 926 2624; x_wconf 87' lang='lat' dir='ltr'><strong>meo</strong></span> <span class='ocrx_word' id='word_1_173' title='bbox 951 2561 1055 2624; x_wconf 81' lang='lat' dir='ltr'><strong>visum</strong></span> <span class='ocrx_word' id='word_1_174' title='bbox 1079 2581 1148 2625; x_wconf 86' lang='lat' dir='ltr'><strong>esso</strong></span> <span class='ocrx_word' id='word_1_175' title='bbox 1172 2561 1206 2624; x_wconf 91' lang='lat' dir='ltr'><strong>iu</strong></span> <span class='ocrx_word' id='word_1_176' title='bbox 1229 2559 1459 2646; x_wconf 82' lang='lat' dir='ltr'><strong>Tragioorum</strong></span> 
     </span>
     <span class='ocr_line' id='line_1_22' title="bbox 296 2664 1268 2764; baseline 0.003 -36"><span class='ocrx_word' id='word_1_177' title='bbox 296 2664 353 2729; x_wconf 90' lang='lat' dir='ltr'><strong>lat.</strong></span> <span class='ocrx_word' id='word_1_178' title='bbox 376 2666 467 2751; x_wconf 90' lang='lat' dir='ltr'><strong>reliq.</strong></span> <span class='ocrx_word' id='word_1_179' title='bbox 489 2689 520 2750; x_wconf 84' lang='lat' dir='ltr'><strong>p.</strong></span> <span class='ocrx_word' id='word_1_180' title='bbox 541 2667 613 2731; x_wconf 89' lang='grc'><strong>194.</strong></span> <span class='ocrx_word' id='word_1_181' title='bbox 1261 2746 1268 2764; x_wconf 37' lang='grc' dir='ltr'><strong><em>Ι</em></strong></span> 
     </span>
     <span class='ocr_line' id='line_1_23' title="bbox 385 2771 1457 2860; baseline 0.003 -25"><span class='ocrx_word' id='word_1_182' title='bbox 385 2771 480 2836; x_wconf 88' lang='lat' dir='ltr'><strong>Nunc</strong></span> <span class='ocrx_word' id='word_1_183' title='bbox 499 2776 617 2857; x_wconf 87' lang='lat' dir='ltr'><strong>autem,</strong></span> <span class='ocrx_word' id='word_1_184' title='bbox 635 2778 807 2858; x_wconf 65' lang='lat' dir='ltr'><strong>postqwm</strong></span> <span class='ocrx_word' id='word_1_185' title='bbox 826 2774 865 2838; x_wconf 88' lang='lat' dir='ltr'><strong>de</strong></span> <span class='ocrx_word' id='word_1_186' title='bbox 884 2774 1004 2860; x_wconf 88' lang='lat' dir='ltr'><strong>duplici</strong></span> <span class='ocrx_word' id='word_1_187' title='bbox 1023 2773 1177 2857; x_wconf 86' lang='lat' dir='ltr'><strong>prosodia</strong></span> <span class='ocrx_word' id='word_1_188' title='bbox 1195 2774 1290 2838; x_wconf 85' lang='lat' dir='ltr'><strong>unius</strong></span> <span class='ocrx_word' id='word_1_189' title='bbox 1315 2779 1457 2840; x_wconf 86' lang='lat' dir='ltr'><strong>status</strong></span> 
     </span>
    </p>

    <p class='ocr_par' dir='ltr' id='par_1_4' title="bbox 296 2875 1527 4261">
     <span class='ocr_line' id='line_1_24' title="bbox 296 2875 1457 2966; baseline 0.003 -25"><span class='ocrx_word' id='word_1_190' title='bbox 296 2876 420 2942; x_wconf 86' lang='lat' dir='ltr'><strong>formae</strong></span> <span class='ocrx_word' id='word_1_191' title='bbox 446 2875 529 2964; x_wconf 85' lang='lat' dir='ltr'><strong>(sive</strong></span> <span class='ocrx_word' id='word_1_192' title='bbox 552 2900 591 2943; x_wconf 89' lang='lat' dir='ltr'><strong>ea</strong></span> <span class='ocrx_word' id='word_1_193' title='bbox 614 2901 672 2963; x_wconf 89' lang='lat' dir='ltr'><strong>pro</strong></span> <span class='ocrx_word' id='word_1_194' title='bbox 695 2881 869 2964; x_wconf 90' lang='lat' dir='ltr'><strong>participio</strong></span> <span class='ocrx_word' id='word_1_195' title='bbox 894 2885 944 2944; x_wconf 89' lang='lat' dir='ltr'><strong>est</strong></span> <span class='ocrx_word' id='word_1_196' title='bbox 966 2881 1033 2944; x_wconf 88' lang='lat' dir='ltr'><strong>sive</strong></span> <span class='ocrx_word' id='word_1_197' title='bbox 1060 2901 1119 2964; x_wconf 91' lang='lat' dir='ltr'><strong>pro</strong></span> <span class='ocrx_word' id='word_1_198' title='bbox 1142 2880 1353 2946; x_wconf 82' lang='lat' dir='ltr'><strong>substantivo</strong></span> <span class='ocrx_word' id='word_1_199' title='bbox 1379 2903 1457 2966; x_wconf 87' lang='lat' dir='ltr'><strong>par·</strong></span> 
     </span>
     <span class='ocr_line' id='line_1_25' title="bbox 296 2983 1455 3070; baseline 0.003 -22"><span class='ocrx_word' id='word_1_200' title='bbox 296 2983 448 3069; x_wconf 89' lang='lat' dir='ltr'><strong>tioipiali)</strong></span> <span class='ocrx_word' id='word_1_201' title='bbox 475 2985 646 3067; x_wconf 82' lang='lat' dir='ltr'><strong>explorata</strong></span> <span class='ocrx_word' id='word_1_202' title='bbox 672 3007 724 3050; x_wconf 85' lang='lat' dir='ltr'><strong>res</strong></span> <span class='ocrx_word' id='word_1_203' title='bbox 753 2991 804 3052; x_wconf 87' lang='lat' dir='ltr'><strong>est</strong></span> <span class='ocrx_word' id='word_1_204' title='bbox 830 2986 1033 3070; x_wconf 89' lang='lat' dir='ltr'><strong>indidemque</strong></span> <span class='ocrx_word' id='word_1_205' title='bbox 1062 2986 1161 3050; x_wconf 89' lang='lat' dir='ltr'><strong>etiam</strong></span> <span class='ocrx_word' id='word_1_206' title='bbox 1190 2984 1346 3053; x_wconf 78' lang='lat' dir='ltr'><strong>Statios</strong></span> <span class='ocrx_word' id='word_1_207' title='bbox 1379 3010 1455 3054; x_wconf 89' lang='lat' dir='ltr'><strong>esse</strong></span> 
     </span>
     <span class='ocr_line' id='line_1_26' title="bbox 297 3088 1453 3178; baseline 0.005 -26"><span class='ocrx_word' id='word_1_208' title='bbox 297 3088 415 3173; x_wconf 81' lang='lat' dir='ltr'><strong>dictos,</strong></span> <span class='ocrx_word' id='word_1_209' title='bbox 438 3112 505 3155; x_wconf 93' lang='lat' dir='ltr'><strong>non</strong></span> <span class='ocrx_word' id='word_1_210' title='bbox 528 3089 679 3158; x_wconf 68' lang='lat' dir='ltr'><strong>Stitios</strong></span> <span class='ocrx_word' id='word_1_211' title='bbox 702 3093 927 3177; x_wconf 87' lang='lat' dir='ltr'><strong>perspicimus,</strong></span> <span class='ocrx_word' id='word_1_212' title='bbox 955 3092 1038 3156; x_wconf 90' lang='lat' dir='ltr'><strong>nihil</strong></span> <span class='ocrx_word' id='word_1_213' title='bbox 1067 3091 1213 3178; x_wconf 84' lang='lat' dir='ltr'><strong>profecto</strong></span> <span class='ocrx_word' id='word_1_214' title='bbox 1237 3115 1376 3160; x_wconf 85' lang='lat' dir='ltr'><strong>caussae</strong></span> <span class='ocrx_word' id='word_1_215' title='bbox 1402 3117 1453 3158; x_wconf 89' lang='lat' dir='ltr'><strong>re-</strong></span> 
     </span>
     <span class='ocr_line' id='line_1_27' title="bbox 297 3195 1452 3285; baseline 0.005 -26"><span class='ocrx_word' id='word_1_216' title='bbox 297 3195 410 3260; x_wconf 88' lang='lat' dir='ltr'><strong>lictum</strong></span> <span class='ocrx_word' id='word_1_217' title='bbox 433 3200 484 3260; x_wconf 90' lang='lat' dir='ltr'><strong>est</strong></span> <span class='ocrx_word' id='word_1_218' title='bbox 506 3218 562 3262; x_wconf 91' lang='lat' dir='ltr'><strong>cur</strong></span> <span class='ocrx_word' id='word_1_219' title='bbox 585 3198 681 3263; x_wconf 86' lang='lat' dir='ltr'><strong>fidem</strong></span> <span class='ocrx_word' id='word_1_220' title='bbox 704 3200 751 3263; x_wconf 87' lang='lat' dir='ltr'><strong>eis</strong></span> <span class='ocrx_word' id='word_1_221' title='bbox 774 3199 994 3285; x_wconf 84' lang='lat' dir='ltr'><strong>grammaticis</strong></span> <span class='ocrx_word' id='word_1_222' title='bbox 1014 3199 1207 3284; x_wconf 86' lang='lat' dir='ltr'><strong>abrogemus</strong></span> <span class='ocrx_word' id='word_1_223' title='bbox 1227 3200 1283 3284; x_wconf 91' lang='lat' dir='ltr'><strong>qui</strong></span> <span class='ocrx_word' id='word_1_224' title='bbox 1308 3203 1343 3265; x_wconf 85' lang='lat' dir='ltr'><strong>et</strong></span> <span class='ocrx_word' id='word_1_225' title='bbox 1367 3208 1452 3265; x_wconf 76' lang='lat' dir='ltr'><strong>sta·</strong></span> 
     </span>
     <span class='ocr_line' id='line_1_28' title="bbox 297 3303 1452 3389; baseline 0.004 -23"><span class='ocrx_word' id='word_1_226' title='bbox 297 3303 365 3367; x_wconf 87' lang='lat' dir='ltr'><strong>tim</strong></span> <span class='ocrx_word' id='word_1_227' title='bbox 398 3307 430 3368; x_wconf 86' lang='lat' dir='ltr'><strong>et</strong></span> <span class='ocrx_word' id='word_1_228' title='bbox 460 3305 595 3369; x_wconf 64' lang='lat' dir='ltr'><strong>statim</strong></span> <span class='ocrx_word' id='word_1_229' title='bbox 628 3327 699 3370; x_wconf 87' lang='lat' dir='ltr'><strong>csse</strong></span> <span class='ocrx_word' id='word_1_230' title='bbox 729 3305 974 3389; x_wconf 86' lang='lat' dir='ltr'><strong>pronuntiatum</strong></span> <span class='ocrx_word' id='word_1_231' title='bbox 1007 3304 1218 3368; x_wconf 88' lang='lat' dir='ltr'><strong>tradiderunt.</strong></span> <span class='ocrx_word' id='word_1_232' title='bbox 1268 3303 1363 3380; x_wconf 86' lang='lat' dir='ltr'><strong>Quod</strong></span> <span class='ocrx_word' id='word_1_233' title='bbox 1400 3307 1452 3371; x_wconf 92' lang='lat' dir='ltr'><strong>illi</strong></span> 
     </span>
     <span class='ocr_line' id='line_1_29' title="bbox 297 3409 1451 3496; baseline 0.002 -22"><span class='ocrx_word' id='word_1_234' title='bbox 297 3409 412 3474; x_wconf 86' lang='lat' dir='ltr'><strong>volunt</strong></span> <span class='ocrx_word' id='word_1_235' title='bbox 438 3410 497 3475; x_wconf 91' lang='lat' dir='ltr'><strong>tali</strong></span> <span class='ocrx_word' id='word_1_236' title='bbox 528 3411 732 3496; x_wconf 87' lang='lat' dir='ltr'><strong>significandi</strong></span> <span class='ocrx_word' id='word_1_237' title='bbox 759 3411 943 3477; x_wconf 87' lang='lat' dir='ltr'><strong>discrimine</strong></span> <span class='ocrx_word' id='word_1_238' title='bbox 971 3410 1094 3475; x_wconf 82' lang='lat' dir='ltr'><strong>lactum</strong></span> <span class='ocrx_word' id='word_1_239' title='bbox 1126 3431 1197 3475; x_wconf 84' lang='lat' dir='ltr'><strong>esse</strong></span> <span class='ocrx_word' id='word_1_240' title='bbox 1229 3410 1315 3494; x_wconf 88' lang='lat' dir='ltr'><strong>quod</strong></span> <span class='ocrx_word' id='word_1_241' title='bbox 1347 3413 1451 3478; x_wconf 85' lang='lat' dir='ltr'><strong>nobis</strong></span> 
     </span>
     <span class='ocr_line' id='line_1_30' title="bbox 297 3515 1452 3601; baseline 0.004 -21"><span class='ocrx_word' id='word_1_242' title='bbox 297 3516 394 3581; x_wconf 87' lang='lat' dir='ltr'><strong>liceat</strong></span> <span class='ocrx_word' id='word_1_243' title='bbox 417 3516 609 3582; x_wconf 74' lang='lat' dir='ltr'><strong>‘standbaft&#39;</strong></span> <span class='ocrx_word' id='word_1_244' title='bbox 633 3518 685 3583; x_wconf 85' lang='lat' dir='ltr'><strong>vel</strong></span> <span class='ocrx_word' id='word_1_245' title='bbox 708 3540 768 3601; x_wconf 89' lang='lat' dir='ltr'><strong>pro</strong></span> <span class='ocrx_word' id='word_1_246' title='bbox 792 3540 826 3582; x_wconf 90' lang='lat' dir='ltr'><strong>re</strong></span> <span class='ocrx_word' id='word_1_247' title='bbox 849 3521 927 3582; x_wconf 79' lang='lat' dir='ltr'><strong>nata</strong></span> <span class='ocrx_word' id='word_1_248' title='bbox 950 3515 1109 3582; x_wconf 73' lang='lat' dir='ltr'><strong>‘stehend’</strong></span> <span class='ocrx_word' id='word_1_249' title='bbox 1135 3521 1231 3600; x_wconf 89' lang='lat' dir='ltr'><strong>atque</strong></span> <span class='ocrx_word' id='word_1_250' title='bbox 1256 3516 1452 3585; x_wconf 81' lang='lat' dir='ltr'><strong>‘stebenden</strong></span> 
     </span>
     <span class='ocr_line' id='line_1_31' title="bbox 296 3621 1449 3710; baseline 0.004 -23"><span class='ocrx_word' id='word_1_251' title='bbox 296 3621 427 3688; x_wconf 85' lang='lat' dir='ltr'><strong>Fusses&#39;</strong></span> <span class='ocrx_word' id='word_1_252' title='bbox 450 3625 582 3690; x_wconf 87' lang='lat' dir='ltr'><strong>vocibus</strong></span> <span class='ocrx_word' id='word_1_253' title='bbox 606 3625 745 3708; x_wconf 90' lang='lat' dir='ltr'><strong>quadam</strong></span> <span class='ocrx_word' id='word_1_254' title='bbox 773 3627 866 3690; x_wconf 88' lang='lat' dir='ltr'><strong>tenus</strong></span> <span class='ocrx_word' id='word_1_255' title='bbox 894 3625 1026 3689; x_wconf 86' lang='lat' dir='ltr'><strong>imitari.</strong></span> <span class='ocrx_word' id='word_1_256' title='bbox 1072 3623 1118 3688; x_wconf 78' lang='lat' dir='ltr'><strong>at</strong></span> <span class='ocrx_word' id='word_1_257' title='bbox 1144 3625 1286 3707; x_wconf 85' lang='lat' dir='ltr'><strong>primum</strong></span> <span class='ocrx_word' id='word_1_258' title='bbox 1313 3627 1449 3710; x_wconf 88' lang='lat' dir='ltr'><strong>quidem</strong></span> 
     </span>
     <span class='ocr_line' id='line_1_32' title="bbox 297 3728 1450 3816; baseline 0.003 -22"><span class='ocrx_word' id='word_1_259' title='bbox 297 3728 477 3796; x_wconf 80' lang='lat' dir='ltr'><strong>Charisius</strong></span> <span class='ocrx_word' id='word_1_260' title='bbox 494 3730 526 3797; x_wconf 92' lang='grc' dir='ltr'><strong>ΙΙ</strong></span> <span class='ocrx_word' id='word_1_261' title='bbox 554 3755 584 3816; x_wconf 90' lang='lat' dir='ltr'><strong>p.</strong></span> <span class='ocrx_word' id='word_1_262' title='bbox 607 3733 685 3796; x_wconf 82' lang='lat'><strong>195:</strong></span> <span class='ocrx_word' id='word_1_263' title='bbox 714 3731 872 3795; x_wconf 75' lang='lat' dir='ltr'><strong>‘statim</strong></span> <span class='ocrx_word' id='word_1_264' title='bbox 921 3731 1039 3796; x_wconf 90' lang='lat' dir='ltr'><strong>Accius</strong></span> <span class='ocrx_word' id='word_1_265' title='bbox 1067 3731 1100 3794; x_wconf 91' lang='lat' dir='ltr'><strong>in</strong></span> <span class='ocrx_word' id='word_1_266' title='bbox 1128 3729 1357 3797; x_wconf 86' lang='lat' dir='ltr'><strong>Didascalicon</strong></span> <span class='ocrx_word' id='word_1_267' title='bbox 1387 3733 1450 3798; x_wconf 87' lang='lat' dir='ltr'><strong>IX:</strong></span> 
     </span>
     <span class='ocr_line' id='line_1_33' title="bbox 296 3837 1451 3923; baseline 0.003 -22"><span class='ocrx_word' id='word_1_268' title='bbox 296 3837 472 3923; x_wconf 87' lang='lat' dir='ltr'><strong>uectigalia</strong></span> <span class='ocrx_word' id='word_1_269' title='bbox 493 3839 641 3922; x_wconf 83' lang='lat' dir='ltr'><strong>legerant</strong></span> <span class='ocrx_word' id='word_1_270' title='bbox 664 3842 772 3903; x_wconf 83' lang='lat' dir='ltr'><strong>uestra</strong></span> <span class='ocrx_word' id='word_1_271' title='bbox 795 3844 828 3903; x_wconf 88' lang='lat' dir='ltr'><strong>et</strong></span> <span class='ocrx_word' id='word_1_272' title='bbox 852 3843 1022 3902; x_wconf 87' lang='lat' dir='ltr'><strong>seruantur</strong></span> <span class='ocrx_word' id='word_1_273' title='bbox 1039 3838 1163 3902; x_wconf 88' lang='lat' dir='ltr'><strong>statim:</strong></span> <span class='ocrx_word' id='word_1_274' title='bbox 1187 3860 1245 3920; x_wconf 92' lang='lat' dir='ltr'><strong>pro</strong></span> <span class='ocrx_word' id='word_1_275' title='bbox 1268 3841 1397 3904; x_wconf 86' lang='lat' dir='ltr'><strong>statute</strong></span> <span class='ocrx_word' id='word_1_276' title='bbox 1416 3844 1451 3906; x_wconf 92' lang='lat' dir='ltr'><strong>et</strong></span> 
     </span>
     <span class='ocr_line' id='line_1_34' title="bbox 297 3943 1449 4028; baseline 0.003 -20"><span class='ocrx_word' id='word_1_277' title='bbox 297 3943 466 4009; x_wconf 76' lang='lat' dir='ltr'><strong>ordinate.²</strong></span> <span class='ocrx_word' id='word_1_278' title='bbox 513 3944 560 4008; x_wconf 88' lang='lat' dir='ltr'><strong>De</strong></span> <span class='ocrx_word' id='word_1_279' title='bbox 589 3966 652 4028; x_wconf 92' lang='lat' dir='ltr'><strong>quo</strong></span> <span class='ocrx_word' id='word_1_280' title='bbox 680 3949 804 4009; x_wconf 90' lang='lat' dir='ltr'><strong>certum</strong></span> <span class='ocrx_word' id='word_1_281' title='bbox 832 3948 882 4009; x_wconf 91' lang='lat' dir='ltr'><strong>est</strong></span> <span class='ocrx_word' id='word_1_282' title='bbox 911 3945 1093 4028; x_wconf 87' lang='lat' dir='ltr'><strong>opinionem</strong></span> <span class='ocrx_word' id='word_1_283' title='bbox 1120 3944 1278 4009; x_wconf 86' lang='lat' dir='ltr'><strong>fefellisse</strong></span> <span class='ocrx_word' id='word_1_284' title='bbox 1302 3943 1340 4011; x_wconf 85' lang='lat' dir='ltr'><strong>G.</strong></span> <span class='ocrx_word' id='word_1_285' title='bbox 1363 3945 1449 4012; x_wconf 88' lang='lat' dir='ltr'><strong>Her·</strong></span> 
     </span>
     <span class='ocr_line' id='line_1_35' title="bbox 297 4049 1447 4135; baseline 0.002 -19"><span class='ocrx_word' id='word_1_286' title='bbox 297 4072 450 4116; x_wconf 89' lang='lat' dir='ltr'><strong>mannum</strong></span> <span class='ocrx_word' id='word_1_287' title='bbox 475 4049 550 4115; x_wconf 85' lang='lat' dir='ltr'><strong>diss.</strong></span> <span class='ocrx_word' id='word_1_288' title='bbox 575 4051 614 4115; x_wconf 86' lang='lat' dir='ltr'><strong>de</strong></span> <span class='ocrx_word' id='word_1_289' title='bbox 628 4050 713 4116; x_wconf 83' lang='lat' dir='ltr'><strong>Attii</strong></span> <span class='ocrx_word' id='word_1_290' title='bbox 732 4050 861 4116; x_wconf 91' lang='lat' dir='ltr'><strong>Didaso.</strong></span> <span class='ocrx_word' id='word_1_291' title='bbox 881 4053 944 4135; x_wconf 78' lang='lat' dir='ltr'><strong>p.7</strong></span> <span class='ocrx_word' id='word_1_292' title='bbox 970 4051 1016 4116; x_wconf 89' lang='lat' dir='ltr'><strong>sic</strong></span> <span class='ocrx_word' id='word_1_293' title='bbox 1039 4051 1225 4117; x_wconf 86' lang='lat' dir='ltr'><strong>dubitanter</strong></span> <span class='ocrx_word' id='word_1_294' title='bbox 1247 4053 1447 4118; x_wconf 86' lang='lat' dir='ltr'><strong>scribentem</strong></span> 
     </span>
     <span class='ocr_line' id='line_1_36' title="bbox 297 4155 1527 4261; baseline 0.002 -40"><span class='ocrx_word' id='word_1_295' title='bbox 297 4157 607 4242; x_wconf 84' lang='lat' dir='ltr'><strong>dispesceniemque:</strong></span> <span class='ocrx_word' id='word_1_296' title='bbox 631 4155 818 4242; x_wconf 73' lang='lat' dir='ltr'><strong>‘uectigalia</strong></span> <span class='ocrx_word' id='word_1_297' title='bbox 835 4155 846 4240; x_wconf 91' lang='grc' dir='ltr'><strong>ΙΙ</strong></span> <span class='ocrx_word' id='word_1_298' title='bbox 863 4157 1027 4243; x_wconf 73' lang='lat' dir='ltr'><strong>Legerant</strong></span> <span class='ocrx_word' id='word_1_299' title='bbox 1050 4159 1157 4221; x_wconf 86' lang='lat' dir='ltr'><strong>uestra</strong></span> <span class='ocrx_word' id='word_1_300' title='bbox 1176 4157 1210 4220; x_wconf 72' lang='lat' dir='ltr'><strong>et</strong></span> <span class='ocrx_word' id='word_1_301' title='bbox 1228 4157 1449 4224; x_wconf 83' lang='lat' dir='ltr'><strong>seruabantdr</strong></span> <span class='ocrx_word' id='word_1_302' title='bbox 1526 4219 1527 4261; x_wconf 29' lang='grc' dir='ltr'>ἢ</span> 
     </span>
    </p>

    <p class='ocr_par' dir='ltr' id='par_1_5' title="bbox 259 4262 1447 4456">
     <span class='ocr_line' id='line_1_37' title="bbox 259 4262 1447 4351; baseline 0.005 -25"><span class='ocrx_word' id='word_1_303' title='bbox 259 4289 283 4326; x_wconf 81' lang='lat' dir='ltr'><strong>n</strong></span> <span class='ocrx_word' id='word_1_304' title='bbox 298 4265 410 4328; x_wconf 87' lang='lat' dir='ltr'><strong>statim</strong></span> <span class='ocrx_word' id='word_1_305' title='bbox 434 4262 519 4329; x_wconf 87' lang='lat'>....&#39;</span> <span class='ocrx_word' id='word_1_306' title='bbox 543 4264 598 4349; x_wconf 92' lang='lat' dir='ltr'><strong>qui</strong></span> <span class='ocrx_word' id='word_1_307' title='bbox 621 4285 681 4328; x_wconf 91' lang='lat' dir='ltr'><strong>neo</strong></span> <span class='ocrx_word' id='word_1_308' title='bbox 703 4264 809 4328; x_wconf 88' lang='lat' dir='ltr'><strong>bonus</strong></span> <span class='ocrx_word' id='word_1_309' title='bbox 833 4285 943 4328; x_wconf 85' lang='lat' dir='ltr'><strong>versus</strong></span> <span class='ocrx_word' id='word_1_310' title='bbox 968 4267 1096 4330; x_wconf 85' lang='lat' dir='ltr'><strong>estnec</strong></span> <span class='ocrx_word' id='word_1_311' title='bbox 1117 4263 1364 4331; x_wconf 86' lang='lat' dir='ltr'><strong>esseAccianus</strong></span> <span class='ocrx_word' id='word_1_312' title='bbox 1389 4289 1447 4351; x_wconf 92' lang='lat' dir='ltr'><strong>po·</strong></span> 
     </span>
     <span class='ocr_line' id='line_1_38' title="bbox 297 4369 1446 4456; baseline 0.007 -24"><span class='ocrx_word' id='word_1_313' title='bbox 297 4373 375 4452; x_wconf 86' lang='lat' dir='ltr'><strong>test,</strong></span> <span class='ocrx_word' id='word_1_314' title='bbox 405 4371 433 4433; x_wconf 92' lang='lat' dir='ltr'><strong>si</strong></span> <span class='ocrx_word' id='word_1_315' title='bbox 460 4370 555 4434; x_wconf 91' lang='lat' dir='ltr'><strong>modo</strong></span> <span class='ocrx_word' id='word_1_316' title='bbox 583 4371 759 4453; x_wconf 83' lang='lat' dir='ltr'><strong>productae</strong></span> <span class='ocrx_word' id='word_1_317' title='bbox 786 4369 820 4433; x_wconf 94' lang='lat' dir='ltr'><strong>in</strong></span> <span class='ocrx_word' id='word_1_318' title='bbox 849 4373 984 4436; x_wconf 88' lang='lat' dir='ltr'><strong>statim</strong></span> <span class='ocrx_word' id='word_1_319' title='bbox 1013 4370 1160 4454; x_wconf 85' lang='lat' dir='ltr'><strong>syllabae</strong></span> <span class='ocrx_word' id='word_1_320' title='bbox 1184 4372 1368 4456; x_wconf 83' lang='lat' dir='ltr'><strong>exemplum</strong></span> <span class='ocrx_word' id='word_1_321' title='bbox 1393 4397 1446 4440; x_wconf 83' lang='lat' dir='ltr'><strong>vo·</strong></span> 
     </span>
    </p>
   </div>
   <div class='ocr_carea' id='block_1_3' title="bbox 296 4473 1443 4561">
    <p class='ocr_par' dir='ltr' id='par_1_6' title="bbox 296 4473 1443 4561">
     <span class='ocr_line' id='line_1_39' title="bbox 296 4473 1443 4561; baseline 0.006 -22"><span class='ocrx_word' id='word_1_322' title='bbox 296 4475 396 4539; x_wconf 90' lang='lat' dir='ltr'><strong>luisse</strong></span> <span class='ocrx_word' id='word_1_323' title='bbox 419 4473 602 4539; x_wconf 81' lang='lat' dir='ltr'><strong>Charisium</strong></span> <span class='ocrx_word' id='word_1_324' title='bbox 629 4474 773 4558; x_wconf 83' lang='lat' dir='ltr'><strong>proferre</strong></span> <span class='ocrx_word' id='word_1_325' title='bbox 801 4477 882 4541; x_wconf 86' lang='lat' dir='ltr'><strong>satis</strong></span> <span class='ocrx_word' id='word_1_326' title='bbox 910 4477 1107 4561; x_wconf 89' lang='lat' dir='ltr'><strong>reliquorum</strong></span> <span class='ocrx_word' id='word_1_327' title='bbox 1135 4477 1276 4543; x_wconf 88' lang='lat' dir='ltr'><strong>conlatio</strong></span> <span class='ocrx_word' id='word_1_328' title='bbox 1308 4480 1443 4546; x_wconf 85' lang='lat' dir='ltr'><strong>testium</strong></span> 
     </span>
    </p>
   </div>
   <div class='ocr_carea' id='block_1_4' title="bbox 0 0 1538 5142">
    <p class='ocr_par' dir='ltr' id='par_1_7' title="bbox 0 0 1538 5142">
     <span class='ocr_line' id='line_1_40' title="bbox 0 0 1538 5142; baseline 0 0"><span class='ocrx_word' id='word_1_329' title='bbox 0 0 1538 5142; x_wconf 95' lang='lat' dir='ltr'><strong> </strong></span> 
     </span>
    </p>
   </div>
  </div>
 </body>
</html>
