3080 5142
473 387 754 438 evenusnauuvu
777 390 827 436 111.
1159 371 1225 439 525

96 532 247 596 seiunctas
268 553 338 596 esse
364 528 566 598 b·I·XXVI
588 535 684 598 notas
707 531 833 597 facilius
857 531 1000 596 auimnm
1023 535 1060 596 ut
1082 532 1224 616 suspica·

94 661 142 703 rer
162 638 362 704 induxissem.
400 637 487 715 Quas
509 643 605 705 notas
629 661 702 704 cum
725 661 793 703 nou
814 641 882 703 tam
902 638 1107 704 coniecissem
1127 659 1224 722 quam

95 745 229 810 modeste
259 750 292 810 et
323 745 510 810 dubitanter
542 745 773 830 quaesivissem
810 767 887 810 uum
918 743 1003 810 forte
1040 744 1153 810 liceret
1185 743 1225 808 ad

96 849 224 934 testona
243 851 259 916 Ι
282 855 315 917 et
337 849 445 916 xxv]
472 851 598 938 referri,
629 873 697 918 non
722 850 787 916 fuit
809 851 940 917 difficile
962 849 1165 917 Mommseno
1192 849 1225 914 id

95 959 273 1044 impugnare
296 955 332 1024 O.
350 957 374 1023 1.
393 958 463 1023 u.1
487 958 568 1024 Add.
591 982 622 1044 p.
641 959 720 1026 558:
743 959 800 1024 ubi
823 979 906 1043 quae
929 961 1041 1025 contra
1064 979 1115 1022 me
1138 956 1225 1021 dicta

98 1069 176 1148 sunt,
202 1087 308 1130 eorum
336 1064 404 1130 fere
427 1066 509 1131 nihil
533 1070 584 1131 est
610 1067 696 1151 quod
718 1087 783 1130 uon
811 1070 924 1132 contra
953 1087 1005 1130 me
1035 1064 1104 1149 ipse
1128 1063 1224 1130 dixis-

99 1193 157 1236 sem
186 1172 233 1236 vel
265 1172 382 1237 saltem
415 1173 660 1258 significassem,
697 1171 863 1239 ‘felicioris
895 1173 1019 1258 ingenii
1051 1172 1224 1258 sagacitati

100 1277 223 1342 libenter
248 1276 420 1343 cessurus':
453 1279 581 1364 quando
609 1279 739 1363 aliquod
766 1283 877 1344 tamen
904 1279 945 1344 ab
970 1279 1078 1362 aliquo
1101 1278 1224 1362 pericu-

101 1383 157 1448 lum
178 1383 406 1468 interpretandi
433 1385 503 1450 lieri
526 1385 709 1469 oportebat.
755 1383 974 1471 Sagacitatem
1000 1385 1102 1470 igitur
1124 1385 1224 1450 maio-

101 1513 157 1554 rem
178 1514 238 1557 nou
259 1489 426 1556 diffitebor
437 1489 715 1556 Mommseniauae
735 1493 938 1558 coniecturae
957 1513 1039 1576 esse,
1060 1513 1123 1577 qua
1143 1489 1225 1557 tot-

101 1617 143 1661 cce
161 1597 274 1663 iubatae
299 1595 408 1662 XXVI
435 1599 715 1664 commendantur:
746 1598 923 1664 feliciorem
956 1621 1027 1665 essa
1053 1619 1112 1664 nec
1144 1597 1224 1662 mihi

101 1701 181 1768 facile
206 1703 403 1788 persuadebo
431 1725 490 1769 uec
518 1704 645 1770 videtur
668 1703 730 1769 sibi
760 1704 830 1790 ipss
858 1705 1072 1789 persuasisse,
1104 1704 1224 1789 quippe

102 1807 194 1875 ludere
215 1833 247 1876 sa
269 1815 397 1876 tantum
421 1811 560 1894 exempli
583 1831 698 1877 caussa
719 1811 836 1876 fassus.
868 1809 915 1875 Vt
936 1833 1003 1876 uon
1022 1812 1093 1877 sine
1111 1811 1224 1896 aliqua

102 1917 272 1982 confidentia
294 1918 328 1982 in
352 1916 496 1982 Henneni
519 1917 628 2000 potius
653 1917 847 1982 sententiam
866 1917 1037 1982 concedam
1056 1916 1096 1981 de
1114 1904 1223 1982 nume·

101 2023 177 2087 randi
198 2029 273 2090 nota
295 2023 471 2108 cogitantis
495 2023 686 2107 simpliciter
709 2023 743 2088 in
762 2022 966 2090 ‘Bullcttino'
985 2024 1077 2090 Rom.
1092 2047 1120 2090 a.
1136 2025 1221 2090 1863
1237 2041 1295 2082 v111

103 2150 125 2210 p.
141 2130 175 2193 61
194 2153 267 2216 sqq.,
290 2152 355 2214 qua
378 2130 507 2216 quidem
531 2129 668 2215 singulis
691 2130 787 2196 robus
811 2131 911 2196 sacris
934 2130 1059 2215 inipso
1079 2132 1222 2198 sacrario

104 2235 259 2302 adservatis
279 2237 329 2301 sui
348 2236 471 2322 singuli
490 2235 568 2318 loci,
591 2258 629 2302 eo
653 2258 717 2321 quo
736 2237 770 2301 in
788 2233 948 2302 indicibus
967 2236 1078 2302 ordine
1097 2260 1224 2303 enume-

104 2345 236 2426 rarentur,
259 2342 424 2426 adsignati
447 2341 582 2428 fuerint,
612 2343 674 2409 hoo
698 2343 808 2409 modo:
838 2341 911 2409 booo
933 2343 949 2407 I
972 2343 1084 2432 (num.)
1107 2343 1224 2410 XXVI.

105 2442 184 2520 (luins
204 2449 257 2514 ille
274 2449 455 2514 notationis
473 2470 491 2514 e
509 2448 734 2514 reconditioris
753 2472 817 2534 qua
834 2450 922 2514 valet
940 2449 1103 2516 doetrinae
1123 2452 1223 2535 copiis

108 2555 239 2636 quaedam
270 2557 418 2642 exempla
450 2557 651 2641 exprompsit
681 2578 814 2640 prorsus
847 2558 999 2641 apposita
1027 2556 1067 2621 ad
1094 2578 1223 2640 persna-

110 2659 248 2750 sionem’)

177 2765 276 2833 Minus
303 2791 401 2854 quam
429 2769 468 2834 de
494 2768 582 2835 notis
610 2767 676 2832 illis
706 2768 864 2833 solitariis
887 2767 1040 2834 Henneno
1064 2771 1224 2836 assentior

112 2869 139 2934 de
166 2873 258 2958 ipsius
288 2875 425 2942 Minucii
462 2875 624 2940 dictatura
661 2874 910 2958 commutanti,
947 2896 1043 2959 quam
1078 2877 1173 2942 aliter
1204 2900 1223 2942 a

112 2975 279 3049 llonrmseno
300 2985 397 3068 atque
416 3005 435 3047 a
453 3003 504 3047 me
523 2981 688 3047 definitam
707 2981 826 3046 ibidem
841 2981 1036 3066 disceptavit
1052 3006 1083 3067 p.
1097 2983 1140 3050 58
1156 3007 1223 3070 sqq.

112 3081 171 3150 lton
189 3111 311 3154 omnem
334 3095 372 3155 ut
394 3090 506 3174 paucis
530 3087 736 3173 complectar,
758 3088 895 3154 duorum
918 3091 1046 3154 tantum
1067 3088 1222 3158 Minucio·

111 3210 163 3257 uun
186 3197 343 3280 optionem
371 3217 441 3262 esse
468 3196 626 3261 dixeram:
659 3200 716 3259 aut
742 3192 785 3259 M.
813 3194 948 3261 Minucii
977 3196 1052 3261 Rufi
1081 3197 1222 3264 consulis

112 3317 174 3366 anuo
197 3303 270 3388 533,
299 3303 450 3387 magistri
483 3303 628 3386 equitum
656 3323 741 3366 auno
770 3301 844 3386 537,
877 3302 932 3366 sed
963 3301 1013 3366 cui
1043 3303 1222 3368 dictaturae

112 3404 249 3490 inperium
273 3431 345 3475 cum
364 3409 436 3494 ipso
455 3408 613 3475 dictatore
628 3409 664 3485 Q.
679 3407 780 3473 Fabio
795 3407 939 3474 Maximo
958 3408 1116 3494 singulari
1134 3431 1221 3494 pror·

114 3531 151 3574 sus
169 3518 303 3602 exemplo
327 3539 396 3584 esse
416 3519 588 3601 aequatum
608 3518 785 3581 constaret:
810 3518 867 3580 aut
882 3515 1018 3580 alicuius
1032 3513 1075 3580 M.
1089 3514 1222 3581 Minucii

115 3613 167 3681 Rufi
181 3616 210 3686 O.
222 3623 252 3706 i,
274 3646 369 3709 quem
393 3623 584 3688 dictatorem
602 3622 689 3686 intra
708 3643 865 3686 annorum
885 3619 1061 3686 533—535
1080 3623 1221 3706 spatium

117 3718 218 3810 lactum,
238 3729 314 3796 licet
337 3729 427 3796 brevi
451 3729 588 3795 fortasse
610 3729 768 3814 temporis
786 3727 959 3793 intervallo
978 3728 1145 3794 interiecto
1167 3731 1221 3794 ab·

118 3825 255 3920 dicantem,
285 3836 476 3902 Plutarchus
504 3837 708 3922 prodidisset
753 3834 892 3920 Vtrique
920 3834 1122 3900 coniecturae
1152 3839 1223 3900 erat

105 3936 177 4014 quod
196 3941 339 4010 obstaret
385 3943 604 4009 Posteriorem
633 3942 736 4026 ipsius
764 3942 943 4008 dictaturae
966 3941 1052 4007 ratio
1075 3942 1241 4026 aliquan-0

120 4041 166 4106 lum
182 4045 391 4132 dissuadebat,
414 4054 452 4115 ut
474 4072 571 4135 quam
592 4049 758 4116 rarissimo
776 4049 835 4114 illa
854 4048 982 4133 quidem
997 4051 1103 4113 aetate
1118 4070 1222 4112 exem·

121 4146 156 4225 plo
172 4153 310 4221 collatam
333 4179 404 4222 esse
427 4158 497 4223 viro
525 4179 591 4221 non
618 4155 781 4221 consulari
809 4155 1044 4240 intellegerem3
1080 4155 1222 4239 priorem

147 4265 289 4284 *Qn—

180 4307 348 4382 ')[Heuzeui
366 4313 626 4384 interpretationem
648 4313 732 4383 plano
754 4310 912 4402 confirmari
936 4311 976 4366 eis
994 4310 1222 4381 inscriptionibus

122 4405 166 4457 lltt
183 4397 316 4458 ediderunt
341 4405 372 4458 L.
396 4403 503 4458 Brunca
531 4404 560 4457 iu
583 4401 682 4457 Annal.
709 4407 778 4456 1820
805 4419 832 4472 p.
849 4406 900 4455 114
926 4401 956 4455 et
977 4401 1165 4456 Mommsenus
1194 4401 1222 4454 iu

123 4477 259 4546 'tulleltino’
282 4499 347 4548 1871
368 4511 395 4562 p.
412 4498 462 4547 152
477 4511 527 4560 aq,
546 4489 694 4546 adnotavit
711 4489 889 4545 Ritscheliux.
927 4489 955 4545 C.
970 4489 1028 4560 W.]
