3080 5142
304 386 369 450 502
542 397 686 447 Pssfflcnu
710 395 934 446 usrlulrms
958 395 1217 445 uersusefflosn

305 545 432 629 grepha
455 567 485 609 n.
508 545 545 608 ll
572 539 704 628 (iterata
726 543 761 606 in
783 540 819 606 P.
842 539 877 605 L
901 539 944 605 M.
967 539 1005 605 E.
1027 541 1095 606 tab.
1108 539 1204 625 VIII,
1229 541 1270 605 l'l
1295 537 1344 622 [Ο.
1367 538 1397 604 I.
1421 538 1458 602 la

305 649 503 735 1n664]):

805 753 833 818 L
855 751 949 818 XXX

806 859 837 924 V
860 859 891 924 V

305 968 370 1034 Vbi
394 967 470 1051 etsi,
497 967 574 1053 quid
603 967 666 1032 sibi
689 966 793 1031 velint
814 965 882 1031 VV
910 967 1052 1044 litterae,
1084 966 1227 1030 nondum
1251 965 1332 1030 satis
1356 987 1458 1050 expe·

305 1076 408 1141 ditum
441 1078 505 1158 est,
536 1077 647 1139 tamen
682 1095 748 1138 non
780 1095 850 1137 esse
883 1073 921 1137 de
948 1073 1046 1156 leia
1072 1072 1207 1138 Victrice
1239 1072 1458 1158 cogitandum

304 1204 386 1267 quae
410 1181 571 1246 Traianae
595 1179 712 1244 aetatis
735 1179 813 1262 fuit,
843 1179 899 1243 sed
922 1179 962 1244 de
983 1179 1063 1244 belli
1086 1178 1218 1244 Marsici
1240 1179 1460 1264 temporibus,

306 1290 422 1376 quibus
445 1310 518 1353 eam
541 1287 694 1373 glandem
717 1287 896 1351 communis
919 1307 991 1350 cum
1015 1285 1089 1350 aliis
1108 1285 1270 1350 similibus
1294 1307 1333 1350 ex
1347 1286 1458 1370 Apru-

305 1396 385 1459 tinis
418 1399 593 1478 proventus
626 1393 790 1478 adsignat,
821 1393 891 1457 iure
919 1415 977 1458 suo
1011 1392 1116 1458 editor
1142 1391 1309 1458 Romarm
1337 1415 1369 1478 p.
1390 1393 1459 1458 209

306 1479 492 1585 disputavit
525 1499 611 1566 Nam
630 1501 731 1585 ipsius
750 1500 888 1584 legionis
902 1497 1013 1564 XXVI
1033 1499 1094 1563 etsi
1112 1499 1192 1564 item
1216 1500 1402 1584 exemplum
1423 1501 1460 1564 in

307 1609 460 1690 promptu
483 1609 534 1670 est
551 1607 668 1692 lapidis
680 1606 832 1672 Vaticani
851 1605 936 1689 apud
956 1604 1093 1670 eundem
1111 1603 1300 1670 Hennenum
1318 1627 1350 1670 n.
1365 1607 1459 1671 6493

308 1711 537 1798 [0.1.L.V1,1
554 1713 706 1795 n.1460],
724 1718 836 1778 tamen
849 1712 934 1776 hunc
948 1711 1079 1801 titulum
1100 1713 1140 1776 sd
1151 1712 1354 1797 Augusteum
1370 1717 1460 1778 acta·

306 1824 373 1888 tem
392 1818 593 1884 referendum
617 1841 687 1884 esse
710 1819 776 1884 iam
800 1817 998 1903 Borghesius
1021 1817 1131 1882 docuit
1148 1817 1281 1883 Observ.
1303 1821 1459 1885 numism.

307 1925 438 2010 deo.I‚8
453 1949 483 2009 p.
498 1927 559 1992 153
570 1947 616 2010 sq.
636 1925 787 1989 editionis
805 1923 1081 1989 luculentissimae
1100 1923 1305 2009 eiusdemque
1324 1931 1461 2010 exopta·

307 2034 453 2098 tissimus
471 2031 647 2096 Parisinae.
680 2030 805 2096 Verum
826 2028 892 2094 illis
916 2033 1025 2094 tamen
1049 2029 1203 2113 exemplis
1222 2031 1355 2096 minime
1374 2034 1460 2097 salis

308 2139 378 2204 fieri
397 2137 632 2204 concedendum
657 2141 719 2220 est,
742 2141 779 2200 ut
797 2157 880 2220 quae
899 2136 1074 2219 septimum
1097 2135 1261 2200 saeculum
1280 2141 1370 2203 certo
1391 2161 1459 2203 non

309 2249 463 2329 superent
487 2243 695 2329 antiquitate:
726 2263 786 2306 nos
812 2245 919 2306 autem
949 2242 983 2306 in
1005 2242 1206 2325 temporibus
1230 2243 1309 2308 belli
1332 2243 1460 2310 Hanni-

308 2350 406 2416 balici
425 2371 601 2432 versamur,
624 2349 675 2414 vel
701 2351 736 2412 ut
754 2349 873 2414 rectius
893 2347 1008 2431 dicam,
1030 2347 1065 2411 in
1088 2347 1135 2411 eis
1154 2370 1237 2432 quae
1254 2349 1336 2415 illud
1355 2352 1459 2416 etiem

309 2459 560 2522 antecesserunt.
596 2453 656 2518 Per
674 2453 770 2517 huius
790 2457 898 2518 autem
916 2452 995 2518 belli
1014 2457 1161 2536 tempora
1179 2451 1307 2518 Livium
1325 2461 1460 2522 constat

308 2563 395 2646 ultra
416 2563 593 2628 mcesincam
616 2558 770 2645 (XXVII,
792 2560 840 2623 14.
865 2557 922 2646 38)
950 2563 1038 2624 certo
1061 2560 1192 2625 nomine
1219 2559 1250 2624 h.
1269 2583 1296 2626 e.
1318 2583 1458 2628 numero

306 2669 469 2755 legionem
496 2667 623 2733 nullam
651 2687 839 2731 memorare.
883 2663 954 2731 Nec
977 2669 1086 2731 tamen
1113 2665 1147 2730 id
1176 2687 1242 2731 non
1265 2667 1354 2734 casui
1377 2669 1458 2735 dan-

308 2775 384 2839 dum
408 2797 478 2840 esse
501 2774 574 2839 inde
598 2777 746 2858 apparet,
774 2773 860 2858 quod
888 2773 985 2838 certis
1012 2771 1106 2838 annis
1130 2772 1324 2857 quibusdam
1348 2797 1368 2840 a
1390 2773 1459 2842 Ro-

309 2880 413 2946 manis
436 2902 501 2944 una
524 2885 705 2966 pugnatum
728 2901 799 2944 esse
822 2902 887 2944 una
905 2884 938 2944 et
956 2879 1072 2965 viginti
1092 2877 1226 2965 (XXVI,
1244 2880 1296 2946 28.
1319 2879 1459 2966 XXVII,

309 2987 367 3070 22)
391 2990 487 3071 atque
511 2987 590 3053 adeo
609 2988 714 3053 tribus
733 2989 767 3055 et
785 2986 903 3072 viginti
921 2987 1104 3072 legionibus
1119 2983 1251 3074 (XXVI,
1269 2987 1295 3051 l.
1318 2986 1459 3074 XXVII,

309 3089 366 3178 36)
393 3091 479 3157 idem
508 3094 637 3160 scribit:
673 3115 753 3179 quas
782 3093 898 3177 quibus
930 3091 1064 3158 taudem
1093 3092 1279 3158 nominibus
1311 3093 1377 3160 nisi
1406 3097 1457 3161 eis

309 3198 414 3264 dictas
436 3201 569 3283 putabis
591 3223 674 3286 quae
698 3220 948 3264 enumeratum
971 3200 1053 3265 serie
1077 3200 1293 3266 ducerentur?
1326 3203 1457 3287 quando

309 3305 505 3390 cognomine
528 3312 618 3372 aetas
641 3307 700 3371 ills
722 3307 814 3371 nulla
836 3307 936 3372 novit.
980 3305 1114 3371 Accedit
1136 3311 1254 3390 autem,
1278 3309 1364 3393 quod
1387 3331 1456 3374 rna-

309 3412 387 3476 xirui
410 3412 443 3477 iu
468 3434 582 3478 caussa
603 3417 717 3478 nostra
739 3413 896 3478 momenti
919 3434 989 3477 esse
1011 3413 1242 3498 intellegimus.
1277 3414 1350 3491 Qua
1368 3415 1456 3480 enim

309 3519 502 3583 necessitate
530 3519 607 3584 illos
635 3539 786 3584 numeros
810 3540 865 3583 eos
894 3519 983 3602 ipsos
1011 3517 1097 3583 dices
1120 3519 1176 3603 qui
1199 3543 1218 3584 a
1240 3521 1264 3585 Ι
1288 3520 1458 3604 pertinent

310 3623 349 3688 ad
373 3623 529 3688 XXIII?
574 3624 627 3688 An
655 3625 827 3709 quicquam
855 3627 967 3691 obstat
994 3627 1164 3710 quominus
1191 3649 1258 3692 non
1281 3649 1456 3692 renovasse

310 3729 475 3794 Romanos
498 3731 637 3813 pristina
659 3731 805 3815 nomina,
832 3732 888 3797 sed
915 3732 1094 3815 perrexisse
1120 3731 1322 3798 numerando
1346 3733 1455 3798 crede·

310 3858 394 3920 mus,
427 3837 560 3922 siquae
587 3839 732 3924 legiones
760 3837 811 3902 vel
840 3837 1040 3903 interiissent
1066 3839 1117 3903 vel
1141 3835 1294 3903 dimissae
1322 3839 1455 3903 essent?

311 3941 370 4026 Vt,
393 3943 422 4008 si
445 3965 509 4028 quo
538 3965 623 4009 enno
651 3965 718 4008 uon
745 3943 855 4028 plures
883 3965 981 4029 quam
1009 3947 1164 4029 quattuor
1191 3948 1313 4030 esseut,
1345 3948 1455 4010 tamen

311 4070 366 4114 eae
390 4070 455 4114 non
473 4049 502 4114 Ι.
520 4049 570 4115 ΙΙ.
589 4049 659 4115 ΙΙΙ.
678 4050 704 4114 Ι
706 4050 737 4116 V
746 4050 928 4116 dicerentur
947 4051 1011 4134 sed,
1029 4055 1067 4116 ut
1084 4052 1156 4135 ipso
1176 4052 1325 4136 exemplo
1341 4055 1454 4116 nostro

310 4161 449 4240 utamur,
485 4156 511 4220 Ι
529 4161 561 4220 et
584 4207 590 4221 .
610 4207 617 4221 .
637 4205 644 4220 .
668 4161 701 4221 et
723 4207 730 4222 .
749 4205 756 4222 .
777 4207 783 4221 .
808 4161 840 4222 et
863 4157 1008 4224 XXVI?
1046 4157 1137 4233 Quod
1161 4159 1190 4224 si
1208 4159 1255 4223 ita
1275 4179 1310 4223 se
1328 4158 1455 4242 habuit,

310 4262 493 4328 offendendi
516 4283 663 4328 caussam
686 4285 813 4328 omnem
842 4285 913 4329 esse
937 4265 1100 4330 sublatam
1124 4265 1233 4330 sentis.
1256 4301 1301 4310 —
1324 4263 1455 4330 Titulus

311 4389 387 4433 eane
410 4367 614 4435 Minucianus
639 4371 666 4434 si
691 4393 728 4435 er
752 4371 798 4434 eis
823 4375 921 4455 esset,
949 4393 1085 4456 quorum
1114 4369 1304 4454 apographa
1325 4373 1453 4436 tantum

311 4474 471 4538 maiorum
495 4477 584 4540 aetas
608 4477 703 4542 nobis
724 4476 881 4562 prodidit,
904 4499 969 4544 non
992 4477 1178 4543 dubitamus
1201 4476 1280 4562 quin
1303 4477 1455 4543 exstituri
