2948 5048
533 326 789 375 svssaauurvra
812 329 834 374 1.
857 328 892 375 n.
1216 311 1280 375 509

124 465 204 531 eius
233 465 422 532 enuntiandi
451 467 677 551 ambiguitatis
706 471 738 531 et
764 471 931 552 tamquam
960 469 1191 533 mediocritatis
1215 491 1280 534 ccr-

123 573 203 637 tam
226 578 340 638 notam
364 573 623 658 agrammaticis
651 595 721 638 essa
748 573 913 638 inventam
935 574 1163 659 intellegimus,
1191 575 1281 638 cuius

123 679 241 759 primo
265 701 350 745 nunc
373 680 565 745 documento
588 702 738 745 nummus
762 681 818 744 ille
838 679 980 746 Cossutii
1004 680 1178 746 Matidiani
1201 679 1281 746 Cae-

127 788 286 852 sarianus
304 786 434 872 prodiit
468 787 581 873 Neque
599 787 684 851 enim
704 787 803 852 aliam
823 788 888 851 vim
907 809 977 852 esse
996 789 1097 853 mirae
1111 788 1227 853 PARE
1238 786 1281 852 :S

124 894 315 978 scripturas
337 892 526 958 Fabrettius
550 893 692 978 pervidit
713 916 846 980 prorsus
869 894 1090 978 probabiliter.
1128 894 1196 960 Nec
1215 894 1281 959 tale

123 994 323 1065 institutum
346 1000 520 1065 mirabitur
542 1001 611 1084 qui,
634 1003 714 1085 quot
732 1001 869 1065 artificia
892 1001 1097 1086 grammatici
1120 1001 1216 1065 latini
1240 1002 1281 1065 ad

124 1108 377 1192 exaequandam
395 1130 469 1172 cum
487 1107 562 1172 viva
580 1129 658 1172 voce
676 1107 897 1172 litteraturam
915 1107 1169 1193 excogitaverint
1184 1130 1281 1192 quan-

117 1214 233 1299 eoque
263 1216 298 1280 in
325 1216 388 1280 hoc
416 1235 533 1299 genere
562 1215 670 1279 studio
699 1214 950 1299 elaboraverint,
984 1215 1179 1279 meminerit:
1217 1237 1281 1298 quo

106 1325 264 1406 praeter
287 1322 352 1387 alia
375 1327 409 1387 et
432 1321 610 1406 geminatio
629 1320 791 1387 vocalium
812 1321 954 1405 pertinet
977 1324 1010 1385 ct
1029 1322 1186 1404 aspiratio
1206 1344 1280 1387 con·

101 1429 322 1492 sonantium
350 1433 383 1493 et
405 1419 423 1491 I
445 1428 562 1513 longae
590 1428 735 1493 inventio
764 1432 797 1493 et
823 1426 870 1491 EI
898 1428 1093 1513 diphthongi
1121 1450 1281 1493 commcn-

90 1531 224 1598 datio
248 1538 281 1598 et
305 1534 407 1616 apicis
430 1557 506 1598 usus
530 1538 563 1598 et
581 1533 711 1617 sicilici,
733 1534 813 1598 item
833 1555 968 1618 graecae
987 1536 1015 1598 Υ
1034 1535 1176 1599 litterae:
1198 1534 1281 1599 nihil

76 1643 158 1705 ut
191 1640 234 1705 de
258 1640 378 1705 litteris
403 1637 590 1706 Claudianis
613 1640 728 1705 dicam.
775 1638 843 1705 Nec
867 1641 919 1705 vel
943 1642 1043 1706 aetati
1068 1639 1281 1706 Caesarianae

65 1745 173 1811 vel
215 1746 422 1812 nobilissimo
452 1747 665 1833 grammatico
693 1742 827 1810 Caesari
858 1746 920 1831 ipsi
953 1747 1070 1811 talium
1102 1747 1281 1813 studiorum

57 1852 409 1937 consiliorumque
442 1855 620 1917 sectatores
655 1856 751 1937 atque
782 1853 965 1918 administri
993 1854 1136 1918 defuere:
1169 1852 1281 1938 quales

52 1958 324 2025 Cornelium
342 1957 522 2042 Epicadum
545 1981 639 2023 suum
663 1957 755 2023 Sulla
776 1959 901 2044 habuit,
923 1958 1084 2024 Lenaeum
1099 1958 1282 2043 Pompeius,

47 2064 306 2150 Augustus
328 2065 480 2131 Verrium
502 2064 663 2132 Flaccum.
700 2063 749 2129 De
773 2087 836 2149 quo
859 2066 925 2130 iam
943 2064 1049 2130 Musei
1067 2065 1169 2131 Rhen.
1192 2067 1216 2131 t.
1234 2064 1282 2128 IX

44 2194 105 2254 p.
158 2173 232 2236 14
259 2175 372 2257 [supra
399 2196 429 2258 p.
450 2174 529 2254 227]
557 2173 833 2257 significabamus,
866 2173 1057 2256 explicatius
1090 2171 1167 2236 alibi
1195 2193 1281 2237 com·

44 2279 363 2344 mentabimur.

604 2493 816 2502 ---.

499 2706 809 2800 Supplementum
835 2708 881 2780 ΙΙ.
907 2706 921 2806 )

475 2859 556 2930 (Cum
578 2861 676 2918 tabula
699 2861 952 2932 lithographa**)).

229 3023 256 3089 Ε
278 3025 403 3109 priscae
431 3023 605 3090 latinitatis
632 3025 753 3109 titulis,
782 3026 836 3108 qui
859 3024 936 3089 novi
959 3024 994 3088 in
1017 3029 1171 3107 promptu
1195 3028 1280 3109 sunt,
1296 3053 1335 3093 m

68 3128 171 3182 ‘³08
222 3134 283 3196 tres
306 3129 369 3195 hoc
393 3131 497 3197 altero
521 3130 824 3215 supplementorum
853 3130 1009 3195 fasciculo
1034 3130 1168 3212 sociavi,
1200 3154 1281 3216 quos

69 3216 270 3302 tabulae
291 3238 387 3302 unius
410 3237 536 3302 ambitu
562 3238 728 3303 commode
755 3259 851 3322 posse
879 3236 1108 3320 comprehendi
1131 3236 1281 3301 viderem.

74 3316 261 3409 Eorum
283 3346 439 3430 primum,
461 3345 507 3428 A,
529 3345 672 3410 nondum
696 3346 816 3410 editum
838 3345 873 3409 in
893 3344 945 3408 his
964 3345 1074 3428 terris,
1097 3343 1220 3426 sumpsi
1243 3365 1281 3407 ex

76 3419 215 3511 Iulii
239 3450 424 3516 Minervinii
446 3448 650 3516 ‘Bulletuno'
675 3451 919 3535 archaeologico
943 3449 1068 3532 Italico,
1097 3450 1152 3514 ubi
1177 3472 1280 3515 crem-

83 3530 177 3611 ΡῙΟ
227 3557 463 3645 chalcographo
492 3580 661 3643 expressus
689 3562 738 3621 est
765 3558 799 3621 in
827 3558 893 3621 tab.
917 3552 987 3621 add.
1010 3557 1042 3621 A
1069 3556 1281 3621 voluminisI

88 3627 234 3727 (anni
255 3662 368 3750 1861),
394 3664 516 3730 fusiore
544 3664 777 3730 commentario
807 3668 974 3727 enarratus
1003 3661 1215 3727 aDominico
1243 3663 1282 3728 de

92 3734 336 3837 Gnidobaldi
359 3770 435 3837 ibid.
459 3794 490 3855 p.
511 3771 574 3835 113
594 3792 663 3855 sqq.
688 3774 720 3834 et
745 3770 806 3833 129
827 3791 908 3853 sqq,
935 3769 1038 3833 denuo
1062 3770 1174 3852 paucis
1198 3774 1282 3835 trac

97 3844 233 3940 tatus
253 3900 273 3943 a
292 3876 461 3963 Raphaels
479 3877 654 3943 Garruccio
678 3899 707 3960 p.
725 3877 787 3940 165
808 3874 855 3956 [C.
869 3877 893 3940 Ι.
908 3876 942 3939 L.
962 3877 978 3939 I
996 3898 1027 3940 n.
1045 3876 1130 3941 1505
1148 3901 1178 3962 p.
1194 3878 1282 3959 559}

102 3945 299 4055 Renoua
322 3988 374 4049 est
395 3983 513 4048 titulus
536 3983 571 4047 in
590 3984 661 4068 agri
676 3981 811 4048 Caleni
836 4004 873 4045 ca
895 3984 987 4066 parte
1011 3983 1061 4046 cui
1080 3985 1143 4047 uico
1157 3983 1282 4049 Polotcb

111 4072 351 4117 χ-

231 4154 464 4229 ⁸)[Prooemium
491 4157 594 4213 Indicis
621 4158 779 4213 scholarum
807 4157 977 4213 aestivarum
1006 4156 1194 4212 Bonnensium
1217 4159 1282 4213 anni

10 4266 15 4299 r
125 4210 400 4302 mblaccatum.
437 4246 467 4301 c.
481 4247 538 4317 va]

210 4328 254 4403 ⁹)
270 4334 358 4408 [Olim
370 4334 438 4390 huic
451 4335 680 4391 commentationi
694 4336 802 4391 adnexa
819 4335 919 4390 tabula
936 4352 1009 4389 nunc
1028 4334 1079 4388 sub
1098 4334 1161 4388 XVI
1181 4335 1283 4391 iterata

142 4403 197 4465 Ψ
231 4420 330 4497 aa]

416 4510 426 4537 0
