3080 5142
278 370 343 435 514
513 386 658 435 anisola
683 385 908 435 sumamma
931 385 1190 440 smossemoss

515 527 786 595 FORTVNAE
810 564 817 578 ·
840 525 1179 595 PRIMIGENIAE

357 651 360 656 ’
450 631 1245 701 sloNVM·APOLLINIS-TVTELARIS

400 738 1299 807 L·nuvlvssnfflxelnonem-FILIO

448 848 509 914 ET
532 883 540 898 ·
564 844 786 912 CLAVDIA
809 881 815 894 ·
840 843 1051 911 SABINA·
1075 843 1249 912 MATER

202 1101 262 1144 vm
277 1082 481 1165 Quamquam
504 1101 562 1144 sua
586 1082 702 1164 sponte
725 1078 927 1161 intellegitur
949 1077 1061 1142 multis
1085 1077 1159 1143 aliis
1183 1078 1236 1144 dai
1253 1078 1437 1162 cognomi-

275 1188 371 1252 nibus
400 1209 470 1251 esse
497 1187 604 1250 locum
632 1205 738 1269 posse.
849 1182 955 1247 Versu
974 1184 996 1247 2
1017 1184 1144 1268 positus
1167 1184 1312 1250 Metilius
1340 1185 1436 1250 alios

276 1294 485 1379 cognomines
504 1293 539 1356 in
552 1289 771 1356 Praenestinis
795 1289 880 1374 quod
904 1291 1004 1355 sciam
1026 1313 1093 1356 non
1115 1290 1229 1356 habet:
1251 1292 1318 1356 nisi
1337 1293 1436 1378 quod

275 1397 491 1466 MAETILIA
506 1433 513 1449 ·
528 1397 702 1487 SEVERA
717 1433 723 1446 ·
738 1394 906 1463 OONIVX
929 1400 980 1461 est
997 1396 1083 1479 apud
1097 1394 1291 1462 Oeooonium
1314 1421 1347 1484 p.
1360 1399 1437 1464 184

275 1507 411 1593 (Petrin.
434 1529 464 1592 p.
484 1507 558 1589 371,
577 1503 644 1590 51).
733 1501 839 1568 Versu
858 1504 878 1568 3
902 1504 1066 1586 mapistros
1087 1503 1241 1590 intellege
1258 1506 1440 1588 mapsam

275 1615 447 1697 Apollinis:
470 1613 581 1699 quales
604 1614 733 1696 praeter
756 1610 838 1675 alios
861 1611 896 1674 in
914 1609 1057 1675 Hannoni
1081 1610 1241 1676 iudicibus
1265 1615 1439 1700 composi·

275 1727 328 1786 tos
352 1743 382 1806 p.
401 1721 442 1785 51
464 1741 510 1804 sq.
539 1722 670 1803 praesto
699 1720 774 1782 sunt
802 1717 836 1781 in
863 1716 969 1782 titulis
998 1714 1172 1802 Campanis
1199 1717 1235 1784 P.
1258 1717 1293 1783 L.
1317 1718 1361 1784 M.
1391 1721 1439 1785 E.

275 1828 342 1892 tab.
364 1824 615 1891 LXIII-LXV
643 1821 692 1904 [Ο.
709 1822 735 1888 Ι.
754 1821 788 1886 L.
814 1821 830 1886 Ι
859 1844 889 1887 n.
913 1822 1112 1904 565-575]
1136 1822 1438 1890 MAGISTREIS·

275 1929 489 2015 CERERVS,
521 1926 785 1996 MAGISTREIS
800 1927 1026 1995 ·VENERVS
1041 1965 1048 1978 ·
1062 1927 1232 2013 IOVIAE,
1265 1929 1439 1998 CONLE-

275 2039 385 2105 GIVM
399 2073 407 2088 ·
422 2036 553 2104 salvs}
568 2073 574 2085 ·
589 2033 830 2101 MAGISTREI
844 2069 852 2085 ·
866 2033 990 2101 IOVEI
1004 2070 1012 2085 ·
1027 2033 1265 2120 concnam,
1289 2042 1322 2103 et
1343 2037 1438 2103 item

276 2147 466 2231 simpliciter
497 2144 692 2229 aliquotiens
724 2139 933 2208 MAGISTRI
964 2165 1030 2208 nou
1063 2141 1173 2208 addito
1202 2142 1253 2207 dei
1282 2143 1439 2210 nomine.

274 2251 369 2318 Vnde
392 2253 430 2316 fit
448 2254 485 2315 ut
502 2271 598 2316 versu
615 2250 638 2313 4
661 2248 861 2314 commodius
880 2249 983 2314 subici
997 2247 1056 2314 DE
1068 2285 1075 2297 ·
1086 2246 1250 2332 CONLepi
1263 2247 1439 2316 Samso

274 2359 424 2424 videatur
446 2380 543 2442 quam
566 2357 617 2421 vel
635 2353 830 2420 EX·D·D
856 2355 904 2420 vel
927 2353 1121 2421 Dosa:
1145 2375 1344 2440 quamquam
1368 2381 1439 2442 po·

275 2467 340 2531 tuit
362 2465 409 2530 ibi
433 2486 511 2530 sana
533 2463 632 2529 stiam
656 2456 918 2527 vitoslaus
948 2462 998 2526 vel
1017 2457 1239 2528 nas‘rwn
1263 2463 1437 2548 scriptum

276 2594 356 2657 esse,
378 2571 562 2637 credibilius
586 2570 618 2634 id
642 2569 770 2654 quidem
795 2569 910 2634 saltem
934 2591 1031 2653 quam
1055 2567 1174 2634 AERE
1195 2567 1261 2655 (vel
1279 2568 1437 2657 AIRID)

406 2813 487 2822 ..a---

276 2675 396 2747 DOFle
425 2679 475 2744 vel
504 2673 623 2744 vom
639 2711 645 2725 ·
661 2671 760 2742 ΠΕΟ.
864 2674 970 2740 Versu
993 2675 1014 2741 5
1037 2676 1170 2741 dubium
1194 2697 1264 2741 esse
1288 2676 1344 2742 vix
1369 2700 1437 2762 po-

665 2867 1019 2923 soacvunn

665 2955 687 3009 s
701 2955 727 3010 a
740 2956 752 3009 1
766 2955 795 3008 u
810 2955 822 3009 1
836 2954 1019 3010 cauma

666 3043 806 3098 SIGNVM
830 3072 835 3084 -
861 3043 1021 3098 leouuu

783 3131 904 3187 nvuuu

665 3220 875 3276 unnuuvs
891 3251 897 3262 -
911 3221 1020 3276 saulx

665 3310 1019 3386 Plana-ovu-suio

665 3487 825 3544 ouuvun
851 3515 857 3529 ·
887 3487 1021 3542 sosius

777 3577 907 3632 nassa

666 3665 765 3720 vono
794 3695 800 3708 ·
834 3663 1020 3720 svsossso

730 3754 749 3808 S
768 3783 775 3796 ·
794 3755 817 3809 P
836 3783 842 3797 ·
861 3753 883 3807 L
903 3784 910 3796 ·
929 3745 958 3808 n

276 3864 357 3930 Quod
375 3862 533 3932 exemplum
543 3859 682 3916 Petrinius
700 3861 826 3932 sequitur
843 3879 871 3931 p.
886 3865 949 3928 301,
963 3865 1005 3918 20.
1030 3859 1132 3916 vuum
1145 3859 1241 3916 autam
1260 3861 1434 3933 exemplum

275 3953 312 4008 ad
330 3953 413 4007 fidem
431 3949 558 4006 veriatis
575 3949 690 4021 propius
708 3950 837 4018 accedat,
855 3965 911 4004 non
930 3949 1007 4020 prins
1026 3949 1103 4006 corto
1121 3948 1224 4005 sciatur
1242 3967 1327 4020 qnam
1347 3951 1435 4008 Hen-

275 4041 337 4096 zani
354 4039 459 4095 virtute
478 4056 541 4095 oum
559 4037 642 4094 Vrbis
660 4041 720 4092 tum
739 4036 813 4092 Latii
830 4037 1027 4108 inscriptiones
1045 4055 1140 4094 omnes
1160 4037 1318 4105 conlectae,
1344 4039 1433 4112 dige-

276 4132 350 4199 stae,
373 4128 538 4184 emendatae
560 4125 602 4182 ita
619 4125 776 4198 prodierint
799 4128 832 4181 ut
849 4127 989 4182 communi
1012 4125 1074 4181 usui
1092 4128 1219 4196 pateant.
1255 4125 1338 4194 Quod
1362 4129 1433 4198 qui·

276 4219 339 4273 dem
359 4217 506 4274 consilinm
524 4216 607 4286 longe
626 4216 839 4271 saluberrimum
858 4215 940 4272 vulda
959 4215 1114 4286 optandum
1132 4217 1176 4271 est
1189 4205 1221 4270 ut
1235 4217 1434 4286 exspectatio-

275 4323 339 4362 nem
362 4307 486 4361 nostram
508 4321 543 4360 na
566 4304 649 4360 nimia
673 4303 721 4360 diu
744 4304 904 4360 fmstratur:
933 4304 1045 4374 quando
1067 4303 1282 4375 grammaticam
1306 4305 1430 4375 quidem

275 4393 454 4464 disciplinam
476 4396 582 4450 certum
606 4395 649 4448 ast
665 4395 725 4448 tam
743 4393 870 4461 uberem,
898 4409 983 4462 quam
1006 4411 1040 4448 ex
1065 4393 1118 4448 hac
1140 4395 1234 4462 palte,
1262 4393 1393 4452 fructum
1415 4417 1432 4456 e

276 4485 355 4538 nulla
373 4484 430 4539 alis
448 4483 602 4538 communis
621 4482 713 4552 operis
731 4481 947 4537 luculentissimi
966 4484 1161 4552 percepturam
1180 4499 1249 4539 esso.
