2948 5048
329 128 450 178 roesrs
473 129 669 178 servamur
694 127 928 177 smonnervn.
1133 111 1195 175 301

26 346 32 351 ,
69 289 170 358 eosque
197 294 236 337 ex
268 277 363 357 parte
391 294 505 356 pamm
534 272 651 355 bonos,
684 295 700 336 e
729 270 887 336 Gellianis
920 269 997 334 libri
1025 266 1199 335 Catoniani

66 379 249 444 testimoniis
274 383 368 444 tanta
390 379 520 444 licentia
548 379 704 463 effingens
729 381 882 463 quantam
912 398 1045 461 prorsus
1069 375 1200 439 damnet

59 486 133 550 artis
156 485 322 550 severitas.
359 484 397 549 Id
420 507 485 549 non
508 485 594 570 fugit
617 505 755 569 magnae
779 485 882 549 virum
907 482 1110 548 auctoritatis
1125 480 1198 545 Au·

50 596 206 675 gustum
229 590 482 674 Boeclrhium,
505 590 543 654 de
567 591 679 656 eodem
699 594 892 675 argumento
909 610 1013 673 nuper
1034 588 1200 672 disputan-

45 701 118 764 tem
140 699 174 763 in
188 699 281 764 Actis
306 697 489 763 academiae
512 697 621 782 regiae
635 697 855 762 Berolinensis
874 697 994 761 mensis
1013 682 1101 758 Maii.
1134 692 1226 758 Vbir

39 804 215 889 quantivis
239 803 397 868 acuminis
424 825 545 867 novum
569 801 797 866 documentum
826 801 874 865 vir
901 801 1052 866 laudibus
1080 800 1200 866 nostris

36 911 156 976 naior
174 910 324 992 ediderit,
347 909 456 973 tamen
479 908 609 974 neerei
633 930 806 990 summam,
829 909 1022 991 septenariis
1042 907 1200 972 Catonem

32 1016 254 1100 praecepisse
270 1014 309 1078 de
324 1014 478 1097 moribus,
496 1014 660 1097 persuasit
678 1034 737 1077 nec
754 1011 884 1098 singula
898 1015 945 1077 ita
960 1013 1200 1078 administravit

32 1124 61 1184 ut
118 1143 186 1186 non
217 1121 252 1185 in
285 1119 527 1185 conformandis
561 1124 594 1183 et
625 1120 771 1183 versibus
804 1124 837 1183 et
865 1119 1035 1185 sententiis
1064 1123 1097 1184 et
1127 1131 1219 1184 cou·'

32 1226 286 1292 structioribus
311 1224 507 1309 aliquotiens
532 1227 582 1290 vel
607 1225 852 1308 simplicitatem
871 1225 922 1289 vel
942 1227 1021 1291 adeo
1041 1226 1199 1293 rationem

33 1331 222 1398 desideres.
273 1330 343 1397 Nec
370 1331 451 1396 illud
479 1354 544 1396 non
572 1332 727 1396 miramur
756 1331 934 1414 paullulum
966 1354 1036 1415 cur,
1068 1334 1122 1417 qui
1150 1334 1201 1397 vel

34 1436 205 1504 addendis
229 1438 282 1504 vel
305 1436 470 1502 mutandis
490 1438 625 1521 syllabis
645 1438 818 1502 vocibusve
837 1441 965 1502 tantum
980 1439 1043 1503 sibi
1062 1440 1201 1523 sumpsit

36 1550 220 1630 quantum,
244 1545 298 1629 qni
321 1544 528 1609 librariorum
551 1544 586 1608 in
609 1566 647 1609 eo
669 1566 786 1630 genere
805 1543 985 1609 socordiam
1004 1569 1063 1609 usu
1083 1567 1200 1631 cogno·

38 1648 174 1737 rimus,
194 1659 397 1717 'concessum
425 1673 494 1716 esse
521 1655 673 1734 putamus
698 1672 824 1729 omnes,
856 1655 967 1716 tamen
995 1674 1093 1717 unum
1120 1652 1200 1716 illud

41 1774 159 1837 genus
181 1758 424 1840 emendationis,
449 1758 533 1842 quod
557 1764 590 1822 et
613 1759 678 1824 leni
701 1762 734 1821 et
756 1758 882 1822 modica
905 1757 1082 1822 vicinamm
1106 1780 1200 1823 vocu-

42 1860 161 1931 larum
182 1865 436 1950 transpositione
466 1865 661 1949 continetur,
693 1864 742 1929 ita
770 1864 878 1930 dedita
906 1887 1004 1949 opera
1032 1863 1201 1950 defugerit,

46 1973 150 2051 quasi
172 1973 206 2037 in
228 1972 314 2037 hanc
336 1975 462 2056 partem
486 1970 589 2039 eidem
608 1971 659 2035 illi
677 1993 851 2055 numquam
870 1972 1043 2056 peccarint.
1070 1971 1200 2037 Tertius

47 2071 219 2145 bseeutus
243 2081 293 2143 est
312 2076 496 2142 Alfredus
519 2076 795 2143 Fleckeisenus
819 2082 953 2142 noster
976 2077 1071 2143 editis
1091 2100 1201 2143 mense
1271 2076 1277 2083 ’

50 2174 245 2262 Septembre
269 2189 302 2250 et
326 2184 494 2269 eleganter
516 2187 553 2248 ut
576 2185 660 2249 solet
681 2184 846 2248 edomatis
867 2183 1076 2249 ‘Catonianae
1095 2186 1202 2269 poesis
1241 2168 1244 2173 ¹

51 2274 450 2376 reliquiis’·Francofurti
480 2290 520 2356 nd
547 2290 710 2356 Moenum.
760 2290 846 2366 Quas
874 2292 932 2356 ille
960 2291 1086 2375 aliquot
1115 2291 1201 2376 frag-

53 2401 237 2464 mensorum
269 2399 453 2465 accessione
491 2402 602 2463 auctas
640 2400 736 2482 (quae
768 2399 944 2464 maximam
978 2404 1103 2482 partem
1136 2399 1200 2463 iam
1316 2413 1319 2416 ’
1423 2392 1427 2397 ’

55 2493 149 2569 Otto
170 2504 331 2570 Iahnius
354 2504 510 2587 tetigerat
532 2505 565 2569 in
581 2504 673 2570 Actis
693 2505 860 2570 societatis
875 2502 1052 2570 Saronicae
1071 2527 1099 2569 a.
1116 2505 1202 2570 1850

57 2624 80 2687 p.
97 2605 169 2674 263
188 2609 271 2698 sqq.)
299 2633 372 2677 cum
404 2632 489 2676 novo
520 2612 696 2696 subtilique
723 2613 854 2678 invento
883 2613 1028 2678 versibus
1053 2609 1201 2678 Sotadeis

59 2709 419 2800 describere-instituit,
454 2718 633 2783 mutatione
662 2718 790 2802 quidem
820 2719 955 2784 subinde
983 2719 1201 2802 probabiliore

63 2838 157 2905 quam
168 2823 351 2889 Boeckhius
374 2845 442 2888 rem
466 2824 638 2908 expedivit,
661 2825 718 2890 sed
739 2829 849 2890 tamen
872 2829 909 2890 ut
931 2847 990 2889 nec
1012 2826 1046 2891 in
1065 2825 1201 2911 singulis

65 2925 165 2993 coint
190 2953 271 3017 quae
299 2928 493 3014 displiceant
521 2929 623 3016 (velut
651 2954 764 3016 pamm
792 2932 843 2996 vel
867 2933 1031 3018 eleganter
1061 2932 1113 2997 vel
1137 2933 1201 2997 usi·

68 3031 132 3099 tete
150 3036 181 3100 in
198 3038 287 3103 exitu
309 3059 421 3102 versus
445 3038 630 3103 conlocatae
653 3040 682 3104 si
704 3059 757 3104 seu
779 3039 966 3123 particulae,
988 3039 1023 3102 in
1040 3039 1201 3123 principio

74 3162 103 3205 a.
119 3136 150 3205 21
171 3142 240 3227 est),
263 3165 322 3209 nec
344 3144 378 3209 id
401 3144 517 3228 ipsum,
540 3145 625 3230 quod
650 3149 700 3210 est
718 3146 957 3230 gravissimum,
981 3144 1113 3210 anobis
1133 3143 1202 3228 qui·

73 3245 138 3313 deu
155 3248 346 3335 impetrarit,
374 3255 411 3314 ut
434 3254 467 3314 et
489 3249 647 3315 Sotadeos
676 3256 709 3316 et
730 3251 814 3316 tales
838 3248 994 3316 Sotadeos
1019 3273 1038 3314 a
1060 3249 1104 3313 M.
1132 3270 1201 3313 esse

76 3350 181 3421 caune
210 3356 313 3422 factos
346 3378 419 3421 cum
451 3356 561 3441 aliqua
591 3357 686 3424 nobis
719 3357 915 3423 confidentia
943 3356 1202 3441 persuadeamus.

72 3453 179 3526 Verum
197 3461 271 3546 hoc,
298 3463 488 3528 cuicuimodi
513 3467 580 3547 est,
612 3464 834 3548 inpraesenti
861 3487 927 3530 non
950 3464 1114 3547 insistam,
1147 3462 1202 3527 sed

56 3567 283 3638 ‘Saturniorum
305 3569 414 3652 potius
444 3592 589 3635 meorum
617 3570 797 3653 exemplum
821 3592 1013 3654 proponam,
1041 3591 1201 3654 quocum

61 3672 212 3744 Boeckhii
230 3672 494 3761 Fleckeiseniquo
517 3676 673 3761 exemplis
697 3677 766 3741 sine
791 3676 897 3741 studio
922 3680 956 3741 et
978 3676 1100 3740 invidia
1118 3697 1201 3741 com-

53 3785 171 3874 parato
194 3781 365 3865 unicuique
387 3780 526 3846 liberum
548 3781 701 3846 iudicium
724 3787 810 3867 esto,
837 3804 935 3867 penes
960 3804 1054 3866 quem
1078 3785 1111 3846 et
1133 3804 1202 3846 mu·

52 3886 148 3959 nandi
167 3886 359 3952 modestiam
378 3889 412 3950 et
425 3908 576 3951 versuum
591 3886 842 3952 concinnitatem
864 3888 1019 3951 maiorem
1035 3891 1201 3972 agnoscat.

49 3993 317 4065 concinnitatem
341 3997 449 4057 autem
473 4015 544 4058 eam
568 3994 774 4078 potissimum
794 3994 874 4077 dico,
897 4016 979 4078 quae
998 3994 1033 4057 iu
1051 4015 1202 4059 versuum

45 4100 351 4184 sententiarumque
372 4098 497 4165 ambitu
517 4104 592 4184 apte
612 4104 855 4184 opportuneque
874 4100 1080 4184 exaequando
1100 4103 1201 4166 cerni·

44 4217 115 4277 tur.
163 4204 278 4288 ltaque
300 4203 598 4272 Fleckeisenianum
627 4206 771 4273 ordinem
800 4208 1033 4272 sententiarum
1062 4208 1109 4272 ita
1135 4206 1202 4272 fere
