<?xml version="1.0" encoding="UTF-8"?>
<!DOCTYPE html PUBLIC "-//W3C//DTD XHTML 1.0 Transitional//EN"
    "http://www.w3.org/TR/xhtml1/DTD/xhtml1-transitional.dtd">
<html xmlns="http://www.w3.org/1999/xhtml" xml:lang="en" lang="en">
 <head>
  <title>
</title>
<meta http-equiv="Content-Type" content="text/html;charset=utf-8" />
  <meta name='ocr-system' content='tesseract 3.04.00' />
  <meta name='ocr-capabilities' content='ocr_page ocr_carea ocr_par ocr_line ocrx_word'/>
</head>
<body>
  <div class='ocr_page' id='page_1' title='image "./fridericiritsch03wachgoog_0746.png"; bbox 0 0 2948 5048; ppageno 0'>
   <div class='ocr_carea' id='block_1_1' title="bbox 172 350 1207 417">
    <p class='ocr_par' dir='ltr' id='par_1_1' title="bbox 172 350 1207 417">
     <span class='ocr_line' id='line_1_1' title="bbox 172 350 1207 417; baseline 0.007 -8"><span class='ocrx_word' id='word_1_1' title='bbox 172 364 241 411; x_wconf 81' lang='lat' dir='ltr'><strong>ZUR</strong></span> <span class='ocrx_word' id='word_1_2' title='bbox 264 361 485 411; x_wconf 76' lang='lat' dir='ltr'><strong>anscfflcfl‘rn</strong></span> <span class='ocrx_word' id='word_1_3' title='bbox 507 362 574 412; x_wconf 84' lang='lat' dir='ltr'><strong>DES</strong></span> <span class='ocrx_word' id='word_1_4' title='bbox 599 363 858 412; x_wconf 80' lang='lat' dir='ltr'><strong>LATEINISCHEN</strong></span> <span class='ocrx_word' id='word_1_5' title='bbox 881 364 1096 415; x_wconf 74' lang='lat' dir='ltr'>ALPHABE‘PS.</span> <span class='ocrx_word' id='word_1_6' title='bbox 1142 350 1207 417; x_wconf 71' lang='grc'><strong>’125</strong></span> 
     </span>
    </p>
   </div>
   <div class='ocr_carea' id='block_1_2' title="bbox 53 505 1207 1851">
    <p class='ocr_par' dir='ltr' id='par_1_2' title="bbox 53 505 1207 1851">
     <span class='ocr_line' id='line_1_2' title="bbox 149 505 1207 593; baseline 0.005 -23"><span class='ocrx_word' id='word_1_7' title='bbox 149 505 212 570; x_wconf 90' lang='lat' dir='ltr'><strong>Mit</strong></span> <span class='ocrx_word' id='word_1_8' title='bbox 230 507 291 571; x_wconf 89' lang='lat' dir='ltr'><strong>den</strong></span> <span class='ocrx_word' id='word_1_9' title='bbox 310 506 546 571; x_wconf 86' lang='lat' dir='ltr'><strong>rorstehenden</strong></span> <span class='ocrx_word' id='word_1_10' title='bbox 565 506 812 593; x_wconf 80' lang='lat' dir='ltr'><strong>Bemerknngen</strong></span> <span class='ocrx_word' id='word_1_11' title='bbox 833 508 952 593; x_wconf 81' lang='lat' dir='ltr'><strong>glaube</strong></span> <span class='ocrx_word' id='word_1_12' title='bbox 975 509 1029 573; x_wconf 90' lang='lat' dir='ltr'><strong>ich</strong></span> <span class='ocrx_word' id='word_1_13' title='bbox 1048 532 1134 574; x_wconf 85' lang='lat' dir='ltr'><strong>zwar</strong></span> <span class='ocrx_word' id='word_1_14' title='bbox 1156 511 1207 575; x_wconf 91' lang='lat' dir='ltr'><strong>die</strong></span> 
     </span>
     <span class='ocr_line' id='line_1_3' title="bbox 58 611 1206 698; baseline 0.005 -22"><span class='ocrx_word' id='word_1_15' title='bbox 58 611 454 698; x_wconf 80' lang='lat' dir='ltr'><strong>Hauptgesiehtspunkte,</strong></span> <span class='ocrx_word' id='word_1_16' title='bbox 491 613 542 677; x_wconf 87' lang='lat' dir='ltr'><strong>dic</strong></span> <span class='ocrx_word' id='word_1_17' title='bbox 574 613 627 676; x_wconf 84' lang='lat' dir='ltr'><strong>fiir</strong></span> <span class='ocrx_word' id='word_1_18' title='bbox 663 613 714 677; x_wconf 90' lang='lat' dir='ltr'><strong>die</strong></span> <span class='ocrx_word' id='word_1_19' title='bbox 747 614 848 678; x_wconf 78' lang='lat' dir='ltr'><strong>tiltere</strong></span> <span class='ocrx_word' id='word_1_20' title='bbox 879 614 1071 680; x_wconf 88' lang='lat' dir='ltr'><strong>lateinische</strong></span> <span class='ocrx_word' id='word_1_21' title='bbox 1103 616 1206 682; x_wconf 90' lang='lat' dir='ltr'><strong>Buch-</strong></span> 
     </span>
     <span class='ocr_line' id='line_1_4' title="bbox 58 718 1206 809; baseline 0.005 -26"><span class='ocrx_word' id='word_1_22' title='bbox 58 718 364 804; x_wconf 84' lang='lat' dir='ltr'><strong>stabengeaehichte</strong></span> <span class='ocrx_word' id='word_1_23' title='bbox 396 721 430 784; x_wconf 90' lang='lat' dir='ltr'><strong>in</strong></span> <span class='ocrx_word' id='word_1_24' title='bbox 462 720 618 784; x_wconf 89' lang='lat' dir='ltr'><strong>Betracht</strong></span> <span class='ocrx_word' id='word_1_25' title='bbox 650 720 816 804; x_wconf 81' lang='lat' dir='ltr'><strong>hommen,</strong></span> <span class='ocrx_word' id='word_1_26' title='bbox 851 721 988 785; x_wconf 82' lang='lat' dir='ltr'><strong>beriihrt</strong></span> <span class='ocrx_word' id='word_1_27' title='bbox 1020 745 1058 786; x_wconf 89' lang='lat' dir='ltr'><strong>zu</strong></span> <span class='ocrx_word' id='word_1_28' title='bbox 1090 724 1206 809; x_wconf 85' lang='lat' dir='ltr'><strong>haben,</strong></span> 
     </span>
     <span class='ocr_line' id='line_1_5' title="bbox 58 826 1207 912; baseline 0.003 -21"><span class='ocrx_word' id='word_1_29' title='bbox 58 826 220 891; x_wconf 84' lang='lat' dir='ltr'><strong>rerkenne</strong></span> <span class='ocrx_word' id='word_1_30' title='bbox 243 826 320 891; x_wconf 90' lang='lat' dir='ltr'><strong>aber</strong></span> <span class='ocrx_word' id='word_1_31' title='bbox 342 827 575 912; x_wconf 75' lang='lat' dir='ltr'><strong>keineswegeS‚</strong></span> <span class='ocrx_word' id='word_1_32' title='bbox 599 827 674 891; x_wconf 86' lang='lat' dir='ltr'><strong>dass</strong></span> <span class='ocrx_word' id='word_1_33' title='bbox 697 827 780 892; x_wconf 90' lang='lat' dir='ltr'><strong>noch</strong></span> <span class='ocrx_word' id='word_1_34' title='bbox 805 828 941 892; x_wconf 84' lang='lat' dir='ltr'>manche</span> <span class='ocrx_word' id='word_1_35' title='bbox 964 830 1105 893; x_wconf 88' lang='lat' dir='ltr'><strong>kleiucre</strong></span> <span class='ocrx_word' id='word_1_36' title='bbox 1129 830 1207 895; x_wconf 89' lang='lat' dir='ltr'><strong>oder</strong></span> 
     </span>
     <span class='ocr_line' id='line_1_6' title="bbox 59 932 1207 1019; baseline 0.003 -22"><span class='ocrx_word' id='word_1_37' title='bbox 59 932 144 997; x_wconf 89' lang='lat' dir='ltr'><strong>auch</strong></span> <span class='ocrx_word' id='word_1_38' title='bbox 167 938 315 1019; x_wconf 81' lang='lat' dir='ltr'><strong>grdssere</strong></span> <span class='ocrx_word' id='word_1_39' title='bbox 334 932 442 997; x_wconf 83' lang='lat' dir='ltr'><strong>Llickc</strong></span> <span class='ocrx_word' id='word_1_40' title='bbox 461 933 675 1017; x_wconf 84' lang='lat' dir='ltr'><strong>auszufilllen,</strong></span> <span class='ocrx_word' id='word_1_41' title='bbox 698 933 782 998; x_wconf 90' lang='lat' dir='ltr'><strong>noch</strong></span> <span class='ocrx_word' id='word_1_42' title='bbox 805 935 940 999; x_wconf 81' lang='lat' dir='ltr'><strong>manche</strong></span> <span class='ocrx_word' id='word_1_43' title='bbox 963 936 1207 1001; x_wconf 68' lang='grc'><strong>1111111111-</strong></span> 
     </span>
     <span class='ocr_line' id='line_1_7' title="bbox 58 1037 1206 1125; baseline 0.003 -23"><span class='ocrx_word' id='word_1_44' title='bbox 58 1037 145 1103; x_wconf 90' lang='lat' dir='ltr'><strong>liche</strong></span> <span class='ocrx_word' id='word_1_45' title='bbox 168 1039 406 1125; x_wconf 83' lang='lat' dir='ltr'><strong>Beobachtung</strong></span> <span class='ocrx_word' id='word_1_46' title='bbox 428 1063 467 1104; x_wconf 88' lang='lat' dir='ltr'><strong>zu</strong></span> <span class='ocrx_word' id='word_1_47' title='bbox 490 1040 627 1104; x_wconf 83' lang='lat' dir='ltr'><strong>macheu</strong></span> <span class='ocrx_word' id='word_1_48' title='bbox 649 1041 715 1105; x_wconf 91' lang='lat' dir='ltr'><strong>und</strong></span> <span class='ocrx_word' id='word_1_49' title='bbox 739 1041 955 1106; x_wconf 81' lang='lat' dir='ltr'><strong>auszufiihren</strong></span> <span class='ocrx_word' id='word_1_50' title='bbox 978 1042 1089 1106; x_wconf 90' lang='lat' dir='ltr'><strong>bleibt.</strong></span> <span class='ocrx_word' id='word_1_51' title='bbox 1127 1041 1206 1107; x_wconf 89' lang='lat' dir='ltr'><strong>Der·</strong></span> 
     </span>
     <span class='ocr_line' id='line_1_8' title="bbox 57 1144 1205 1234; baseline 0.006 -26"><span class='ocrx_word' id='word_1_52' title='bbox 57 1144 210 1230; x_wconf 87' lang='lat' dir='ltr'><strong>gleichen</strong></span> <span class='ocrx_word' id='word_1_53' title='bbox 234 1145 474 1232; x_wconf 73' lang='lat' dir='ltr'><strong>Ergttnzungeu</strong></span> <span class='ocrx_word' id='word_1_54' title='bbox 497 1148 626 1212; x_wconf 78' lang='lat' dir='ltr'><strong>m‘dchte</strong></span> <span class='ocrx_word' id='word_1_55' title='bbox 649 1148 702 1212; x_wconf 90' lang='lat' dir='ltr'><strong>ich</strong></span> <span class='ocrx_word' id='word_1_56' title='bbox 726 1149 817 1232; x_wconf 86' lang='lat' dir='ltr'><strong>aber,</strong></span> <span class='ocrx_word' id='word_1_57' title='bbox 844 1148 1032 1234; x_wconf 85' lang='lat' dir='ltr'><strong>augesichts</strong></span> <span class='ocrx_word' id='word_1_58' title='bbox 1056 1171 1092 1214; x_wconf 90' lang='lat' dir='ltr'><strong>so</strong></span> <span class='ocrx_word' id='word_1_59' title='bbox 1117 1172 1205 1215; x_wconf 90' lang='lat' dir='ltr'><strong>man-</strong></span> 
     </span>
     <span class='ocr_line' id='line_1_9' title="bbox 57 1251 1206 1341; baseline 0.004 -25"><span class='ocrx_word' id='word_1_60' title='bbox 57 1251 136 1317; x_wconf 90' lang='lat' dir='ltr'><strong>cher</strong></span> <span class='ocrx_word' id='word_1_61' title='bbox 163 1252 286 1317; x_wconf 91' lang='lat' dir='ltr'><strong>andern</strong></span> <span class='ocrx_word' id='word_1_62' title='bbox 313 1253 477 1339; x_wconf 83' lang='lat' dir='ltr'><strong>Aufgabe,</strong></span> <span class='ocrx_word' id='word_1_63' title='bbox 504 1252 555 1317; x_wconf 90' lang='lat' dir='ltr'><strong>dic</strong></span> <span class='ocrx_word' id='word_1_64' title='bbox 582 1254 667 1318; x_wconf 91' lang='lat' dir='ltr'><strong>noch</strong></span> <span class='ocrx_word' id='word_1_65' title='bbox 694 1254 781 1318; x_wconf 85' lang='lat' dir='ltr'>ihrer</span> <span class='ocrx_word' id='word_1_66' title='bbox 807 1254 941 1340; x_wconf 79' lang='lat' dir='ltr'><strong>Ldsung</strong></span> <span class='ocrx_word' id='word_1_67' title='bbox 968 1254 1073 1341; x_wconf 77' lang='lat' dir='ltr'><strong>hamt,</strong></span> <span class='ocrx_word' id='word_1_68' title='bbox 1104 1256 1206 1321; x_wconf 91' lang='lat' dir='ltr'><strong>lieber</strong></span> 
     </span>
     <span class='ocr_line' id='line_1_10' title="bbox 53 1359 1206 1445; baseline 0.003 -22"><span class='ocrx_word' id='word_1_69' title='bbox 53 1360 198 1445; x_wconf 76' lang='lat' dir='ltr'><strong>jungam</strong></span> <span class='ocrx_word' id='word_1_70' title='bbox 217 1359 369 1444; x_wconf 69' lang='lat' dir='ltr'><strong>Kristen,</strong></span> <span class='ocrx_word' id='word_1_71' title='bbox 391 1360 442 1424; x_wconf 89' lang='lat' dir='ltr'><strong>die</strong></span> <span class='ocrx_word' id='word_1_72' title='bbox 462 1364 545 1424; x_wconf 84' lang='lat' dir='ltr'><strong>etna</strong></span> <span class='ocrx_word' id='word_1_73' title='bbox 563 1360 633 1424; x_wconf 89' lang='lat' dir='ltr'><strong>sich</strong></span> <span class='ocrx_word' id='word_1_74' title='bbox 651 1359 685 1424; x_wconf 91' lang='lat' dir='ltr'><strong>in</strong></span> <span class='ocrx_word' id='word_1_75' title='bbox 705 1360 809 1425; x_wconf 87' lang='lat' dir='ltr'><strong>dieses</strong></span> <span class='ocrx_word' id='word_1_76' title='bbox 829 1359 1003 1425; x_wconf 73' lang='lat' dir='ltr'><strong>Gebietnu</strong></span> <span class='ocrx_word' id='word_1_77' title='bbox 1026 1362 1206 1427; x_wconf 84' lang='lat' dir='ltr'><strong>versenhen</strong></span> 
     </span>
     <span class='ocr_line' id='line_1_11' title="bbox 56 1465 1205 1552; baseline 0.003 -21"><span class='ocrx_word' id='word_1_78' title='bbox 56 1465 214 1552; x_wconf 79' lang='lat' dir='ltr'><strong>Ncigung</strong></span> <span class='ocrx_word' id='word_1_79' title='bbox 240 1466 352 1531; x_wconf 79' lang='lat' dir='ltr'><strong>fnhlen</strong></span> <span class='ocrx_word' id='word_1_80' title='bbox 381 1471 512 1552; x_wconf 77' lang='lat' dir='ltr'><strong>mitgen,</strong></span> <span class='ocrx_word' id='word_1_81' title='bbox 541 1467 741 1550; x_wconf 82' lang='lat' dir='ltr'><strong>iiberlassen,</strong></span> <span class='ocrx_word' id='word_1_82' title='bbox 769 1466 877 1531; x_wconf 89' lang='lat' dir='ltr'><strong>indcm</strong></span> <span class='ocrx_word' id='word_1_83' title='bbox 904 1468 957 1533; x_wconf 89' lang='lat' dir='ltr'><strong>ich</strong></span> <span class='ocrx_word' id='word_1_84' title='bbox 983 1469 1205 1535; x_wconf 89' lang='lat' dir='ltr'><strong>moinestheils</strong></span> 
     </span>
     <span class='ocr_line' id='line_1_12' title="bbox 58 1572 1205 1660; baseline 0.005 -24"><span class='ocrx_word' id='word_1_85' title='bbox 58 1572 222 1638; x_wconf 81' lang='lat' dir='ltr'><strong>anfrieden</strong></span> <span class='ocrx_word' id='word_1_86' title='bbox 245 1573 303 1638; x_wconf 89' lang='lat' dir='ltr'><strong>bin</strong></span> <span class='ocrx_word' id='word_1_87' title='bbox 326 1573 415 1638; x_wconf 90' lang='lat' dir='ltr'><strong>einer</strong></span> <span class='ocrx_word' id='word_1_88' title='bbox 436 1595 494 1638; x_wconf 87' lang='lat' dir='ltr'><strong>vor</strong></span> <span class='ocrx_word' id='word_1_89' title='bbox 520 1573 640 1637; x_wconf 85' lang='lat' dir='ltr'><strong>bereits</strong></span> <span class='ocrx_word' id='word_1_90' title='bbox 665 1573 758 1639; x_wconf 89' lang='lat' dir='ltr'><strong>sechs</strong></span> <span class='ocrx_word' id='word_1_91' title='bbox 781 1572 906 1637; x_wconf 88' lang='lat' dir='ltr'><strong>Jahren</strong></span> <span class='ocrx_word' id='word_1_92' title='bbox 934 1576 1121 1660; x_wconf 84' lang='lat' dir='ltr'><strong>gegebenen</strong></span> <span class='ocrx_word' id='word_1_93' title='bbox 1145 1576 1205 1642; x_wconf 90' lang='lat' dir='ltr'><strong>Zu-</strong></span> 
     </span>
     <span class='ocr_line' id='line_1_13' title="bbox 58 1676 1205 1767; baseline 0.006 -25"><span class='ocrx_word' id='word_1_94' title='bbox 58 1676 186 1767; x_wconf 75' lang='lat' dir='ltr'><strong>sage⁴¹)</strong></span> <span class='ocrx_word' id='word_1_95' title='bbox 209 1680 341 1745; x_wconf 89' lang='lat' dir='ltr'><strong>hiermit</strong></span> <span class='ocrx_word' id='word_1_96' title='bbox 362 1680 559 1764; x_wconf 85' lang='lat' dir='ltr'><strong>wenigstens</strong></span> <span class='ocrx_word' id='word_1_97' title='bbox 582 1680 617 1743; x_wconf 92' lang='lat' dir='ltr'><strong>in</strong></span> <span class='ocrx_word' id='word_1_98' title='bbox 636 1679 852 1766; x_wconf 81' lang='lat' dir='ltr'><strong>Grundztlgcn</strong></span> <span class='ocrx_word' id='word_1_99' title='bbox 875 1681 1008 1766; x_wconf 85' lang='lat' dir='ltr'><strong>gerocht</strong></span> <span class='ocrx_word' id='word_1_100' title='bbox 1030 1684 1205 1767; x_wconf 84' lang='lat' dir='ltr'><strong>geworden</strong></span> 
     </span>
     <span class='ocr_line' id='line_1_14' title="bbox 57 1808 200 1851; baseline 0.014 -2"><span class='ocrx_word' id='word_1_101' title='bbox 57 1808 97 1851; x_wconf 85' lang='lat' dir='ltr'><strong>zu</strong></span> <span class='ocrx_word' id='word_1_102' title='bbox 121 1808 200 1851; x_wconf 86' lang='lat' dir='ltr'><strong>sem.</strong></span> 
     </span>
    </p>
   </div>
   <div class='ocr_carea' id='block_1_3' title="bbox 55 1995 1242 4199">
    <p class='ocr_par' dir='ltr' id='par_1_3' title="bbox 55 1995 1242 4199">
     <span class='ocr_line' id='line_1_15' title="bbox 131 1995 1204 2069; baseline 0.005 -20"><span class='ocrx_word' id='word_1_103' title='bbox 131 1995 166 2063; x_wconf 81' lang='lat'><strong>⁴¹)</strong></span> <span class='ocrx_word' id='word_1_104' title='bbox 186 1996 217 2050; x_wconf 92' lang='lat' dir='ltr'><strong>In</strong></span> <span class='ocrx_word' id='word_1_105' title='bbox 235 1997 289 2051; x_wconf 91' lang='lat' dir='ltr'><strong>den</strong></span> <span class='ocrx_word' id='word_1_106' title='bbox 307 1996 574 2066; x_wconf 87' lang='lat' dir='ltr'><strong>Verbemerkungen</strong></span> <span class='ocrx_word' id='word_1_107' title='bbox 592 2015 625 2050; x_wconf 89' lang='lat' dir='ltr'><strong>zu</strong></span> <span class='ocrx_word' id='word_1_108' title='bbox 644 1997 707 2051; x_wconf 89' lang='lat' dir='ltr'><strong>dem</strong></span> <span class='ocrx_word' id='word_1_109' title='bbox 726 1997 812 2052; x_wconf 86' lang='lat' dir='ltr'><strong>Index</strong></span> <span class='ocrx_word' id='word_1_110' title='bbox 829 1998 1079 2068; x_wconf 80' lang='lat' dir='ltr'><strong>palaeographicae</strong></span> <span class='ocrx_word' id='word_1_111' title='bbox 1097 2018 1124 2069; x_wconf 86' lang='lat' dir='ltr'><strong>p.</strong></span> <span class='ocrx_word' id='word_1_112' title='bbox 1145 2007 1204 2068; x_wconf 86' lang='lat'>111,</span> 
     </span>
     <span class='ocr_line' id='line_1_16' title="bbox 57 2084 1203 2144; baseline 0.005 -6"><span class='ocrx_word' id='word_1_113' title='bbox 57 2084 106 2140; x_wconf 90' lang='lat' dir='ltr'><strong>dio</strong></span> <span class='ocrx_word' id='word_1_114' title='bbox 124 2084 170 2140; x_wconf 88' lang='lat' dir='ltr'><strong>ioh</strong></span> <span class='ocrx_word' id='word_1_115' title='bbox 185 2084 298 2140; x_wconf 80' lang='lat' dir='ltr'><strong>arande</strong></span> <span class='ocrx_word' id='word_1_116' title='bbox 312 2086 384 2140; x_wconf 87' lang='lat' dir='ltr'><strong>habe</strong></span> <span class='ocrx_word' id='word_1_117' title='bbox 398 2084 459 2139; x_wconf 90' lang='lat' dir='ltr'><strong>hier</strong></span> <span class='ocrx_word' id='word_1_118' title='bbox 473 2104 535 2139; x_wconf 81' lang='lat' dir='ltr'><strong>anm</strong></span> <span class='ocrx_word' id='word_1_119' title='bbox 550 2085 663 2141; x_wconf 85' lang='lat' dir='ltr'><strong>Sehluss</strong></span> <span class='ocrx_word' id='word_1_120' title='bbox 678 2086 805 2141; x_wconf 79' lang='lat' dir='ltr'><strong>wltrtlich</strong></span> <span class='ocrx_word' id='word_1_121' title='bbox 825 2104 857 2140; x_wconf 86' lang='lat' dir='ltr'><strong>zu</strong></span> <span class='ocrx_word' id='word_1_122' title='bbox 877 2086 1076 2141; x_wconf 88' lang='lat' dir='ltr'><strong>wiederholen:</strong></span> <span class='ocrx_word' id='word_1_123' title='bbox 1097 2087 1203 2144; x_wconf 77' lang='lat' dir='ltr'><strong>‘Indice</strong></span> 
     </span>
     <span class='ocr_line' id='line_1_17' title="bbox 57 2174 1204 2245; baseline 0.001 -16"><span class='ocrx_word' id='word_1_124' title='bbox 57 2175 114 2229; x_wconf 87' lang='lat' dir='ltr'><strong>hoe</strong></span> <span class='ocrx_word' id='word_1_125' title='bbox 131 2174 368 2245; x_wconf 81' lang='lat' dir='ltr'><strong>palaeographico</strong></span> <span class='ocrx_word' id='word_1_126' title='bbox 386 2191 437 2229; x_wconf 88' lang='lat' dir='ltr'><strong>sna</strong></span> <span class='ocrx_word' id='word_1_127' title='bbox 456 2178 555 2244; x_wconf 85' lang='lat' dir='ltr'><strong>sponte</strong></span> <span class='ocrx_word' id='word_1_128' title='bbox 574 2174 748 2245; x_wconf 77' lang='lat' dir='ltr'><strong>intellegitur</strong></span> <span class='ocrx_word' id='word_1_129' title='bbox 766 2174 961 2230; x_wconf 78' lang='lat' dir='ltr'><strong>incredibilem</strong></span> <span class='ocrx_word' id='word_1_130' title='bbox 975 2175 1141 2230; x_wconf 87' lang='lat' dir='ltr'><strong>varietatem</strong></span> <span class='ocrx_word' id='word_1_131' title='bbox 1154 2177 1204 2230; x_wconf 91' lang='lat' dir='ltr'><strong>fin-</strong></span> 
     </span>
     <span class='ocr_line' id='line_1_18' title="bbox 58 2263 1202 2334; baseline 0.002 -16"><span class='ocrx_word' id='word_1_132' title='bbox 58 2264 214 2333; x_wconf 82' lang='lat' dir='ltr'><strong>gendarum</strong></span> <span class='ocrx_word' id='word_1_133' title='bbox 236 2263 408 2334; x_wconf 90' lang='lat' dir='ltr'><strong>litterarum,</strong></span> <span class='ocrx_word' id='word_1_134' title='bbox 436 2279 508 2333; x_wconf 86' lang='lat' dir='ltr'><strong>quae</strong></span> <span class='ocrx_word' id='word_1_135' title='bbox 531 2280 664 2333; x_wconf 81' lang='lat' dir='ltr'><strong>maguam</strong></span> <span class='ocrx_word' id='word_1_136' title='bbox 686 2265 796 2333; x_wconf 90' lang='lat' dir='ltr'><strong>partem</strong></span> <span class='ocrx_word' id='word_1_137' title='bbox 819 2264 864 2318; x_wconf 85' lang='lat' dir='ltr'><strong>vel</strong></span> <span class='ocrx_word' id='word_1_138' title='bbox 888 2263 964 2318; x_wconf 87' lang='lat' dir='ltr'><strong>casui</strong></span> <span class='ocrx_word' id='word_1_139' title='bbox 986 2265 1032 2319; x_wconf 86' lang='lat' dir='ltr'><strong>vel</strong></span> <span class='ocrx_word' id='word_1_140' title='bbox 1054 2265 1140 2319; x_wconf 88' lang='lat' dir='ltr'><strong>alieni</strong></span> <span class='ocrx_word' id='word_1_141' title='bbox 1163 2266 1202 2320; x_wconf 91' lang='lat' dir='ltr'><strong>in·</strong></span> 
     </span>
     <span class='ocr_line' id='line_1_19' title="bbox 57 2351 1203 2423; baseline 0.003 -17"><span class='ocrx_word' id='word_1_142' title='bbox 57 2351 223 2422; x_wconf 75' lang='lat' dir='ltr'><strong>diligentiae</strong></span> <span class='ocrx_word' id='word_1_143' title='bbox 239 2355 288 2407; x_wconf 87' lang='lat' dir='ltr'><strong>aut</strong></span> <span class='ocrx_word' id='word_1_144' title='bbox 306 2352 480 2409; x_wconf 76' lang='lat' dir='ltr'><strong>festinationi</strong></span> <span class='ocrx_word' id='word_1_145' title='bbox 493 2354 539 2409; x_wconf 86' lang='lat' dir='ltr'><strong>vel</strong></span> <span class='ocrx_word' id='word_1_146' title='bbox 557 2353 612 2423; x_wconf 83' lang='lat' dir='ltr'><strong>ipsi</strong></span> <span class='ocrx_word' id='word_1_147' title='bbox 626 2371 757 2408; x_wconf 89' lang='lat' dir='ltr'><strong>manuum</strong></span> <span class='ocrx_word' id='word_1_148' title='bbox 771 2352 928 2408; x_wconf 77' lang='lat' dir='ltr'><strong>diversitati</strong></span> <span class='ocrx_word' id='word_1_149' title='bbox 947 2352 1076 2423; x_wconf 88' lang='lat' dir='ltr'><strong>debetur,</strong></span> <span class='ocrx_word' id='word_1_150' title='bbox 1093 2356 1203 2409; x_wconf 85' lang='lat' dir='ltr'><strong>tantum</strong></span> 
     </span>
     <span class='ocr_line' id='line_1_20' title="bbox 57 2442 1203 2512; baseline 0 -16"><span class='ocrx_word' id='word_1_151' title='bbox 57 2442 220 2497; x_wconf 75' lang='lat' dir='ltr'><strong>summatim</strong></span> <span class='ocrx_word' id='word_1_152' title='bbox 248 2442 364 2512; x_wconf 89' lang='lat' dir='ltr'><strong>proponi</strong></span> <span class='ocrx_word' id='word_1_153' title='bbox 392 2444 529 2511; x_wconf 88' lang='lat' dir='ltr'><strong>potuisse,</strong></span> <span class='ocrx_word' id='word_1_154' title='bbox 562 2442 615 2496; x_wconf 93' lang='lat' dir='ltr'><strong>nisi</strong></span> <span class='ocrx_word' id='word_1_155' title='bbox 643 2459 744 2497; x_wconf 85' lang='lat' dir='ltr'><strong>novam</strong></span> <span class='ocrx_word' id='word_1_156' title='bbox 772 2458 891 2511; x_wconf 86' lang='lat' dir='ltr'><strong>eamque</strong></span> <span class='ocrx_word' id='word_1_157' title='bbox 919 2442 1005 2496; x_wconf 84' lang='lat' dir='ltr'><strong>ferme</strong></span> <span class='ocrx_word' id='word_1_158' title='bbox 1037 2445 1203 2511; x_wconf 84' lang='lat' dir='ltr'><strong>perpetuam</strong></span> 
     </span>
     <span class='ocr_line' id='line_1_21' title="bbox 56 2529 1242 2601; baseline 0.001 -16"><span class='ocrx_word' id='word_1_159' title='bbox 56 2529 233 2601; x_wconf 74' lang='lat' dir='ltr'><strong>lithographi</strong></span> <span class='ocrx_word' id='word_1_160' title='bbox 251 2530 417 2584; x_wconf 74' lang='lat' dir='ltr'><strong>industriam</strong></span> <span class='ocrx_word' id='word_1_161' title='bbox 431 2531 584 2586; x_wconf 81' lang='lat' dir='ltr'><strong>adsciscere</strong></span> <span class='ocrx_word' id='word_1_162' title='bbox 598 2530 742 2586; x_wconf 88' lang='lat' dir='ltr'><strong>vellemus.</strong></span> <span class='ocrx_word' id='word_1_163' title='bbox 776 2531 858 2586; x_wconf 88' lang='lat' dir='ltr'><strong>Vnde</strong></span> <span class='ocrx_word' id='word_1_164' title='bbox 875 2547 930 2585; x_wconf 91' lang='lat' dir='ltr'><strong>non</strong></span> <span class='ocrx_word' id='word_1_165' title='bbox 948 2531 1085 2586; x_wconf 87' lang='lat' dir='ltr'><strong>mirabere</strong></span> <span class='ocrx_word' id='word_1_166' title='bbox 1104 2534 1202 2601; x_wconf 89' lang='lat' dir='ltr'><strong>suapte</strong></span> <span class='ocrx_word' id='word_1_167' title='bbox 1216 2536 1242 2576; x_wconf 76' lang='lat'><strong>³2</strong></span> 
     </span>
     <span class='ocr_line' id='line_1_22' title="bbox 58 2618 1202 2689; baseline 0.001 -16"><span class='ocrx_word' id='word_1_168' title='bbox 58 2621 161 2674; x_wconf 80' lang='lat' dir='ltr'><strong>natura</strong></span> <span class='ocrx_word' id='word_1_169' title='bbox 182 2618 329 2688; x_wconf 82' lang='lat' dir='ltr'><strong>ambiguas</strong></span> <span class='ocrx_word' id='word_1_170' title='bbox 357 2619 460 2689; x_wconf 79' lang='lat' dir='ltr'><strong>figuras</strong></span> <span class='ocrx_word' id='word_1_171' title='bbox 485 2619 633 2688; x_wconf 88' lang='lat' dir='ltr'><strong>plurimas,</strong></span> <span class='ocrx_word' id='word_1_172' title='bbox 661 2619 761 2689; x_wconf 88' lang='lat' dir='ltr'><strong>quibus</strong></span> <span class='ocrx_word' id='word_1_173' title='bbox 787 2618 932 2674; x_wconf 85' lang='lat' dir='ltr'><strong>imitandis</strong></span> <span class='ocrx_word' id='word_1_174' title='bbox 959 2619 1202 2689; x_wconf 82' lang='lat' dir='ltr'><strong>discernendisque</strong></span> 
     </span>
     <span class='ocr_line' id='line_1_23' title="bbox 57 2706 1202 2778; baseline 0.001 -16"><span class='ocrx_word' id='word_1_175' title='bbox 57 2706 151 2777; x_wconf 85' lang='lat' dir='ltr'><strong>impar</strong></span> <span class='ocrx_word' id='word_1_176' title='bbox 169 2710 243 2762; x_wconf 85' lang='lat' dir='ltr'><strong>esset</strong></span> <span class='ocrx_word' id='word_1_177' title='bbox 261 2724 306 2762; x_wconf 90' lang='lat' dir='ltr'><strong>ars</strong></span> <span class='ocrx_word' id='word_1_178' title='bbox 324 2708 540 2778; x_wconf 81' lang='lat' dir='ltr'><strong>typographica,</strong></span> <span class='ocrx_word' id='word_1_179' title='bbox 558 2724 609 2778; x_wconf 92' lang='lat' dir='ltr'><strong>pro</strong></span> <span class='ocrx_word' id='word_1_180' title='bbox 628 2726 657 2763; x_wconf 88' lang='lat' dir='ltr'><strong>re</strong></span> <span class='ocrx_word' id='word_1_181' title='bbox 676 2711 744 2763; x_wconf 88' lang='lat' dir='ltr'><strong>nata</strong></span> <span class='ocrx_word' id='word_1_182' title='bbox 761 2708 846 2764; x_wconf 80' lang='lat' dir='ltr'><strong>alicui</strong></span> <span class='ocrx_word' id='word_1_183' title='bbox 865 2708 961 2778; x_wconf 80' lang='lat' dir='ltr'><strong>generi</strong></span> <span class='ocrx_word' id='word_1_184' title='bbox 980 2710 1055 2762; x_wconf 88' lang='lat' dir='ltr'><strong>certo</strong></span> <span class='ocrx_word' id='word_1_185' title='bbox 1072 2707 1202 2777; x_wconf 85' lang='lat' dir='ltr'><strong>tributas,</strong></span> 
     </span>
     <span class='ocr_line' id='line_1_24' title="bbox 57 2793 1202 2866; baseline 0 -16"><span class='ocrx_word' id='word_1_186' title='bbox 57 2795 96 2850; x_wconf 82' lang='lat' dir='ltr'><strong>sd</strong></span> <span class='ocrx_word' id='word_1_187' title='bbox 119 2795 198 2850; x_wconf 89' lang='lat' dir='ltr'><strong>cuins</strong></span> <span class='ocrx_word' id='word_1_188' title='bbox 221 2793 288 2850; x_wconf 88' lang='lat' dir='ltr'><strong>illae</strong></span> <span class='ocrx_word' id='word_1_189' title='bbox 311 2795 524 2851; x_wconf 87' lang='lat' dir='ltr'><strong>similitudinem</strong></span> <span class='ocrx_word' id='word_1_190' title='bbox 547 2797 673 2866; x_wconf 84' lang='lat' dir='ltr'><strong>proxime</strong></span> <span class='ocrx_word' id='word_1_191' title='bbox 693 2797 825 2852; x_wconf 88' lang='lat' dir='ltr'><strong>accedere</strong></span> <span class='ocrx_word' id='word_1_192' title='bbox 843 2796 1011 2852; x_wconf 86' lang='lat' dir='ltr'><strong>viderentur.</strong></span> <span class='ocrx_word' id='word_1_193' title='bbox 1049 2795 1126 2861; x_wconf 81' lang='lat' dir='ltr'><strong>Quae</strong></span> <span class='ocrx_word' id='word_1_194' title='bbox 1144 2814 1202 2851; x_wconf 89' lang='lat' dir='ltr'><strong>am·</strong></span> 
     </span>
     <span class='ocr_line' id='line_1_25' title="bbox 57 2884 1203 2956; baseline 0 -16"><span class='ocrx_word' id='word_1_195' title='bbox 57 2884 182 2956; x_wconf 82' lang='lat' dir='ltr'><strong>biguitas</strong></span> <span class='ocrx_word' id='word_1_196' title='bbox 197 2885 282 2952; x_wconf 83' lang='lat' dir='ltr'><strong>atque</strong></span> <span class='ocrx_word' id='word_1_197' title='bbox 295 2884 485 2940; x_wconf 83' lang='lat' dir='ltr'><strong>inconstantia</strong></span> <span class='ocrx_word' id='word_1_198' title='bbox 503 2903 565 2939; x_wconf 90' lang='lat' dir='ltr'><strong>cum</strong></span> <span class='ocrx_word' id='word_1_199' title='bbox 585 2884 615 2938; x_wconf 91' lang='lat' dir='ltr'><strong>in</strong></span> <span class='ocrx_word' id='word_1_200' title='bbox 632 2885 723 2940; x_wconf 87' lang='lat' dir='ltr'><strong>titulis</strong></span> <span class='ocrx_word' id='word_1_201' title='bbox 737 2886 915 2956; x_wconf 89' lang='lat' dir='ltr'><strong>Pompeianis</strong></span> <span class='ocrx_word' id='word_1_202' title='bbox 932 2887 990 2941; x_wconf 89' lang='lat' dir='ltr'><strong>tab.</strong></span> <span class='ocrx_word' id='word_1_203' title='bbox 1009 2893 1050 2941; x_wconf 82' lang='grc'><strong>11.</strong></span> <span class='ocrx_word' id='word_1_204' title='bbox 1072 2892 1103 2940; x_wconf 77' lang='lat' dir='ltr'><strong>ll</strong></span> <span class='ocrx_word' id='word_1_205' title='bbox 1122 2889 1203 2941; x_wconf 87' lang='lat' dir='ltr'><strong>tanta</strong></span> 
     </span>
     <span class='ocr_line' id='line_1_26' title="bbox 58 2973 1203 3044; baseline 0 -16"><span class='ocrx_word' id='word_1_206' title='bbox 58 2974 96 3029; x_wconf 88' lang='lat' dir='ltr'><strong>sit</strong></span> <span class='ocrx_word' id='word_1_207' title='bbox 120 2975 152 3027; x_wconf 92' lang='lat' dir='ltr'><strong>ut</strong></span> <span class='ocrx_word' id='word_1_208' title='bbox 174 2990 261 3043; x_wconf 89' lang='lat' dir='ltr'><strong>propo</strong></span> <span class='ocrx_word' id='word_1_209' title='bbox 279 2990 377 3043; x_wconf 87' lang='lat' dir='ltr'><strong>expers</strong></span> <span class='ocrx_word' id='word_1_210' title='bbox 395 2973 468 3044; x_wconf 86' lang='lat' dir='ltr'><strong>legis</strong></span> <span class='ocrx_word' id='word_1_211' title='bbox 487 2975 601 3040; x_wconf 87' lang='lat' dir='ltr'><strong>evadat,</strong></span> <span class='ocrx_word' id='word_1_212' title='bbox 623 2974 675 3028; x_wconf 91' lang='lat' dir='ltr'><strong>hos</strong></span> <span class='ocrx_word' id='word_1_213' title='bbox 699 2974 812 3043; x_wconf 90' lang='lat' dir='ltr'><strong>quidem</strong></span> <span class='ocrx_word' id='word_1_214' title='bbox 831 2973 918 3029; x_wconf 88' lang='lat' dir='ltr'><strong>satius</strong></span> <span class='ocrx_word' id='word_1_215' title='bbox 940 2973 1006 3028; x_wconf 86' lang='lat' dir='ltr'><strong>duxi</strong></span> <span class='ocrx_word' id='word_1_216' title='bbox 1029 2974 1151 3029; x_wconf 86' lang='lat' dir='ltr'><strong>maxima</strong></span> <span class='ocrx_word' id='word_1_217' title='bbox 1169 2993 1203 3030; x_wconf 86' lang='lat' dir='ltr'><strong>ex</strong></span> 
     </span>
     <span class='ocr_line' id='line_1_27' title="bbox 58 3060 1201 3132; baseline 0.003 -16"><span class='ocrx_word' id='word_1_218' title='bbox 58 3064 138 3132; x_wconf 79' lang='lat' dir='ltr'><strong>parte</strong></span> <span class='ocrx_word' id='word_1_219' title='bbox 157 3079 268 3131; x_wconf 90' lang='lat' dir='ltr'><strong>prorsus</strong></span> <span class='ocrx_word' id='word_1_220' title='bbox 285 3062 519 3132; x_wconf 85' lang='lat' dir='ltr'><strong>praetermittere.</strong></span> <span class='ocrx_word' id='word_1_221' title='bbox 556 3062 616 3117; x_wconf 84' lang='lat' dir='ltr'><strong>Nec</strong></span> <span class='ocrx_word' id='word_1_222' title='bbox 634 3061 754 3117; x_wconf 88' lang='lat' dir='ltr'><strong>multum</strong></span> <span class='ocrx_word' id='word_1_223' title='bbox 772 3063 808 3116; x_wconf 93' lang='lat' dir='ltr'><strong>ab</strong></span> <span class='ocrx_word' id='word_1_224' title='bbox 829 3063 928 3117; x_wconf 91' lang='lat' dir='ltr'><strong>horum</strong></span> <span class='ocrx_word' id='word_1_225' title='bbox 947 3060 1062 3118; x_wconf 81' lang='lat' dir='ltr'><strong>licentia</strong></span> <span class='ocrx_word' id='word_1_226' title='bbox 1081 3063 1126 3118; x_wconf 87' lang='lat' dir='ltr'><strong>vel</strong></span> <span class='ocrx_word' id='word_1_227' title='bbox 1144 3064 1201 3119; x_wconf 87' lang='lat' dir='ltr'><strong>tab.</strong></span> 
     </span>
     <span class='ocr_line' id='line_1_28' title="bbox 58 3150 1202 3220; baseline 0.001 -16"><span class='ocrx_word' id='word_1_228' title='bbox 58 3158 100 3205; x_wconf 81' lang='lat'><strong>13.</strong></span> <span class='ocrx_word' id='word_1_229' title='bbox 123 3156 155 3205; x_wconf 80' lang='lat'><strong>15</strong></span> <span class='ocrx_word' id='word_1_230' title='bbox 179 3151 225 3206; x_wconf 84' lang='lat' dir='ltr'><strong>vel</strong></span> <span class='ocrx_word' id='word_1_231' title='bbox 243 3158 277 3206; x_wconf 82' lang='grc'><strong>31</strong></span> <span class='ocrx_word' id='word_1_232' title='bbox 292 3151 319 3203; x_wconf 80' lang='grc' dir='ltr'><strong><em>Α</em></strong></span> <span class='ocrx_word' id='word_1_233' title='bbox 342 3150 461 3206; x_wconf 86' lang='lat' dir='ltr'><strong>distant:</strong></span> <span class='ocrx_word' id='word_1_234' title='bbox 489 3169 574 3219; x_wconf 87' lang='lat' dir='ltr'><strong>quaro</strong></span> <span class='ocrx_word' id='word_1_235' title='bbox 597 3168 632 3205; x_wconf 90' lang='lat' dir='ltr'><strong>ne</strong></span> <span class='ocrx_word' id='word_1_236' title='bbox 655 3152 684 3205; x_wconf 89' lang='lat' dir='ltr'><strong>in</strong></span> <span class='ocrx_word' id='word_1_237' title='bbox 708 3150 751 3205; x_wconf 88' lang='lat' dir='ltr'><strong>his</strong></span> <span class='ocrx_word' id='word_1_238' title='bbox 775 3151 889 3220; x_wconf 89' lang='lat' dir='ltr'><strong>quidem</strong></span> <span class='ocrx_word' id='word_1_239' title='bbox 908 3151 1101 3206; x_wconf 83' lang='lat' dir='ltr'><strong>exhauriendis</strong></span> <span class='ocrx_word' id='word_1_240' title='bbox 1120 3151 1202 3206; x_wconf 90' lang='lat' dir='ltr'><strong>nimis</strong></span> 
     </span>
     <span class='ocr_line' id='line_1_29' title="bbox 57 3224 1202 3311; baseline 0 -17"><span class='ocrx_word' id='word_1_241' title='bbox 57 3239 202 3295; x_wconf 74' lang='lat' dir='ltr'><strong>desudavi,</strong></span> <span class='ocrx_word' id='word_1_242' title='bbox 238 3239 388 3294; x_wconf 88' lang='lat' dir='ltr'><strong>Praeterea</strong></span> <span class='ocrx_word' id='word_1_243' title='bbox 406 3242 621 3295; x_wconf 83' lang='lat' dir='ltr'><strong>consentaneum</strong></span> <span class='ocrx_word' id='word_1_244' title='bbox 639 3239 696 3294; x_wconf 89' lang='lat' dir='ltr'><strong>fnit</strong></span> <span class='ocrx_word' id='word_1_245' title='bbox 712 3257 815 3311; x_wconf 77' lang='lat' dir='ltr'><strong>magno</strong></span> <span class='ocrx_word' id='word_1_246' title='bbox 835 3224 898 3294; x_wconf 83' lang='lat' dir='ltr'><strong>cum</strong></span> <span class='ocrx_word' id='word_1_247' title='bbox 916 3240 1021 3295; x_wconf 83' lang='lat' dir='ltr'><strong>dilectu</strong></span> <span class='ocrx_word' id='word_1_248' title='bbox 1040 3258 1202 3305; x_wconf 83' lang='lat' dir='ltr'><strong>mouumen-</strong></span> 
     </span>
     <span class='ocr_line' id='line_1_30' title="bbox 56 3326 1201 3398; baseline -0.002 -15"><span class='ocrx_word' id='word_1_249' title='bbox 56 3330 151 3383; x_wconf 87' lang='lat' dir='ltr'><strong>torum</strong></span> <span class='ocrx_word' id='word_1_250' title='bbox 175 3327 310 3398; x_wconf 80' lang='lat' dir='ltr'><strong>legalium</strong></span> <span class='ocrx_word' id='word_1_251' title='bbox 334 3329 475 3384; x_wconf 88' lang='lat' dir='ltr'><strong>rudiorem</strong></span> <span class='ocrx_word' id='word_1_252' title='bbox 498 3328 663 3398; x_wconf 84' lang='lat' dir='ltr'><strong>scripturam</strong></span> <span class='ocrx_word' id='word_1_253' title='bbox 686 3328 801 3398; x_wconf 88' lang='lat' dir='ltr'><strong>respici:</strong></span> <span class='ocrx_word' id='word_1_254' title='bbox 830 3327 875 3383; x_wconf 88' lang='lat' dir='ltr'><strong>eui</strong></span> <span class='ocrx_word' id='word_1_255' title='bbox 902 3327 1033 3397; x_wconf 88' lang='lat' dir='ltr'><strong>quoniam</strong></span> <span class='ocrx_word' id='word_1_256' title='bbox 1056 3326 1201 3382; x_wconf 87' lang='lat' dir='ltr'><strong>molestius</strong></span> 
     </span>
     <span class='ocr_line' id='line_1_31' title="bbox 57 3415 1201 3486; baseline -0.003 -13"><span class='ocrx_word' id='word_1_257' title='bbox 57 3416 275 3473; x_wconf 85' lang='lat' dir='ltr'><strong>conflictandum</strong></span> <span class='ocrx_word' id='word_1_258' title='bbox 298 3420 341 3473; x_wconf 84' lang='lat' dir='ltr'><strong>est</strong></span> <span class='ocrx_word' id='word_1_259' title='bbox 364 3435 426 3473; x_wconf 88' lang='lat' dir='ltr'><strong>cnm</strong></span> <span class='ocrx_word' id='word_1_260' title='bbox 451 3418 554 3473; x_wconf 89' lang='lat' dir='ltr'><strong>duritie</strong></span> <span class='ocrx_word' id='word_1_261' title='bbox 577 3418 662 3486; x_wconf 87' lang='lat' dir='ltr'><strong>aeris,</strong></span> <span class='ocrx_word' id='word_1_262' title='bbox 689 3419 723 3472; x_wconf 87' lang='lat' dir='ltr'><strong>lit</strong></span> <span class='ocrx_word' id='word_1_263' title='bbox 744 3420 776 3472; x_wconf 88' lang='grc'><strong>11</strong></span> <span class='ocrx_word' id='word_1_264' title='bbox 798 3418 921 3472; x_wconf 89' lang='lat' dir='ltr'><strong>medium</strong></span> <span class='ocrx_word' id='word_1_265' title='bbox 945 3417 1085 3486; x_wconf 88' lang='lat' dir='ltr'><strong>quendam</strong></span> <span class='ocrx_word' id='word_1_266' title='bbox 1107 3415 1201 3471; x_wconf 88' lang='lat' dir='ltr'><strong>locum</strong></span> 
     </span>
     <span class='ocr_line' id='line_1_32' title="bbox 56 3503 1201 3577; baseline 0 -17"><span class='ocrx_word' id='word_1_267' title='bbox 56 3507 111 3562; x_wconf 92' lang='lat' dir='ltr'><strong>hoc</strong></span> <span class='ocrx_word' id='word_1_268' title='bbox 132 3524 222 3576; x_wconf 81' lang='lat' dir='ltr'><strong>genus</strong></span> <span class='ocrx_word' id='word_1_269' title='bbox 245 3506 373 3562; x_wconf 89' lang='lat' dir='ltr'><strong>obtineat</strong></span> <span class='ocrx_word' id='word_1_270' title='bbox 397 3507 470 3561; x_wconf 91' lang='lat' dir='ltr'><strong>inter</strong></span> <span class='ocrx_word' id='word_1_271' title='bbox 492 3506 618 3577; x_wconf 88' lang='lat' dir='ltr'><strong>lapidum</strong></span> <span class='ocrx_word' id='word_1_272' title='bbox 641 3507 808 3577; x_wconf 86' lang='lat' dir='ltr'><strong>scripturam</strong></span> <span class='ocrx_word' id='word_1_273' title='bbox 832 3504 910 3562; x_wconf 90' lang='lat' dir='ltr'><strong>eaelo</strong></span> <span class='ocrx_word' id='word_1_274' title='bbox 928 3503 1097 3575; x_wconf 90' lang='lat' dir='ltr'><strong>insculptam</strong></span> <span class='ocrx_word' id='word_1_275' title='bbox 1116 3507 1201 3574; x_wconf 84' lang='lat' dir='ltr'><strong>atque</strong></span> 
     </span>
     <span class='ocr_line' id='line_1_33' title="bbox 56 3593 1201 3666; baseline -0.002 -15"><span class='ocrx_word' id='word_1_276' title='bbox 56 3595 123 3651; x_wconf 89' lang='lat' dir='ltr'><strong>stilo</strong></span> <span class='ocrx_word' id='word_1_277' title='bbox 146 3595 247 3651; x_wconf 89' lang='lat' dir='ltr'><strong>incisos</strong></span> <span class='ocrx_word' id='word_1_278' title='bbox 269 3594 377 3652; x_wconf 88' lang='lat' dir='ltr'><strong>titulos.</strong></span> <span class='ocrx_word' id='word_1_279' title='bbox 414 3597 439 3650; x_wconf 77' lang='lat' dir='ltr'>A</span> <span class='ocrx_word' id='word_1_280' title='bbox 462 3595 561 3665; x_wconf 87' lang='lat' dir='ltr'><strong>quihus</strong></span> <span class='ocrx_word' id='word_1_281' title='bbox 585 3595 674 3651; x_wconf 89' lang='lat' dir='ltr'><strong>tribus</strong></span> <span class='ocrx_word' id='word_1_282' title='bbox 697 3595 859 3666; x_wconf 80' lang='lat' dir='ltr'><strong>generibus,</strong></span> <span class='ocrx_word' id='word_1_283' title='bbox 882 3612 945 3649; x_wconf 91' lang='lat' dir='ltr'><strong>cum</strong></span> <span class='ocrx_word' id='word_1_284' title='bbox 963 3594 1036 3648; x_wconf 88' lang='lat' dir='ltr'><strong>hane</strong></span> <span class='ocrx_word' id='word_1_285' title='bbox 1054 3593 1201 3649; x_wconf 85' lang='lat' dir='ltr'><strong>materiam</strong></span> 
     </span>
     <span class='ocr_line' id='line_1_34' title="bbox 56 3682 1201 3754; baseline -0.001 -14"><span class='ocrx_word' id='word_1_286' title='bbox 56 3702 170 3740; x_wconf 88' lang='lat' dir='ltr'><strong>omnem</strong></span> <span class='ocrx_word' id='word_1_287' title='bbox 184 3685 281 3740; x_wconf 86' lang='lat' dir='ltr'><strong>dedita</strong></span> <span class='ocrx_word' id='word_1_288' title='bbox 294 3701 379 3754; x_wconf 86' lang='lat' dir='ltr'><strong>opera</strong></span> <span class='ocrx_word' id='word_1_289' title='bbox 397 3683 465 3739; x_wconf 93' lang='lat' dir='ltr'><strong>olim</strong></span> <span class='ocrx_word' id='word_1_290' title='bbox 483 3684 730 3754; x_wconf 84' lang='lat' dir='ltr'><strong>pertractabimus,</strong></span> <span class='ocrx_word' id='word_1_291' title='bbox 749 3687 880 3753; x_wconf 88' lang='lat' dir='ltr'><strong>quartum</strong></span> <span class='ocrx_word' id='word_1_292' title='bbox 898 3682 1125 3754; x_wconf 82' lang='lat' dir='ltr'><strong>distinguendum</strong></span> <span class='ocrx_word' id='word_1_293' title='bbox 1139 3684 1201 3751; x_wconf 90' lang='lat' dir='ltr'><strong>erit,</strong></span> 
     </span>
     <span class='ocr_line' id='line_1_35' title="bbox 56 3771 1200 3846; baseline -0.002 -16"><span class='ocrx_word' id='word_1_294' title='bbox 56 3774 132 3846; x_wconf 88' lang='lat' dir='ltr'><strong>quod</strong></span> <span class='ocrx_word' id='word_1_295' title='bbox 151 3772 312 3828; x_wconf 88' lang='lat' dir='ltr'><strong>litteratura</strong></span> <span class='ocrx_word' id='word_1_296' title='bbox 329 3789 506 3826; x_wconf 89' lang='lat' dir='ltr'><strong>nummorum</strong></span> <span class='ocrx_word' id='word_1_297' title='bbox 524 3773 638 3842; x_wconf 88' lang='lat' dir='ltr'><strong>propria</strong></span> <span class='ocrx_word' id='word_1_298' title='bbox 656 3771 832 3828; x_wconf 90' lang='lat' dir='ltr'><strong>continetur.’</strong></span> <span class='ocrx_word' id='word_1_299' title='bbox 853 3804 886 3812; x_wconf 92' lang='lat'>—</span> <span class='ocrx_word' id='word_1_300' title='bbox 906 3772 962 3826; x_wconf 83' lang='lat' dir='ltr'><strong>Das</strong></span> <span class='ocrx_word' id='word_1_301' title='bbox 985 3773 1046 3827; x_wconf 88' lang='lat' dir='ltr'><strong>hier</strong></span> <span class='ocrx_word' id='word_1_302' title='bbox 1067 3772 1200 3828; x_wconf 79' lang='lat' dir='ltr'><strong>berahrts</strong></span> 
     </span>
     <span class='ocr_line' id='line_1_36' title="bbox 56 3860 1200 3931; baseline -0.003 -12"><span class='ocrx_word' id='word_1_303' title='bbox 56 3862 234 3920; x_wconf 72' lang='lat' dir='ltr'><strong>Verbaltuiss</strong></span> <span class='ocrx_word' id='word_1_304' title='bbox 261 3863 311 3917; x_wconf 89' lang='lat' dir='ltr'><strong>der</strong></span> <span class='ocrx_word' id='word_1_305' title='bbox 342 3861 402 3917; x_wconf 89' lang='lat' dir='ltr'><strong>drei</strong></span> <span class='ocrx_word' id='word_1_306' title='bbox 431 3861 661 3930; x_wconf 85' lang='lat' dir='ltr'><strong>verschiedenen‚</strong></span> <span class='ocrx_word' id='word_1_307' title='bbox 694 3863 782 3918; x_wconf 89' lang='lat' dir='ltr'><strong>durch</strong></span> <span class='ocrx_word' id='word_1_308' title='bbox 810 3863 860 3917; x_wconf 87' lang='lat' dir='ltr'><strong>das</strong></span> <span class='ocrx_word' id='word_1_309' title='bbox 886 3861 1016 3917; x_wconf 80' lang='lat' dir='ltr'><strong>Materia]</strong></span> <span class='ocrx_word' id='word_1_310' title='bbox 1047 3860 1200 3931; x_wconf 82' lang='lat' dir='ltr'><strong>hediugteu</strong></span> 
     </span>
     <span class='ocr_line' id='line_1_37' title="bbox 56 3949 1200 4022; baseline -0.003 -14"><span class='ocrx_word' id='word_1_311' title='bbox 56 3952 243 4008; x_wconf 82' lang='lat' dir='ltr'><strong>Schriftarten</strong></span> <span class='ocrx_word' id='word_1_312' title='bbox 264 3951 335 4007; x_wconf 84' lang='lat' dir='ltr'><strong>wird</strong></span> <span class='ocrx_word' id='word_1_313' title='bbox 353 3969 419 4005; x_wconf 89' lang='lat' dir='ltr'><strong>man</strong></span> <span class='ocrx_word' id='word_1_314' title='bbox 438 3951 509 4006; x_wconf 91' lang='lat' dir='ltr'><strong>oben</strong></span> <span class='ocrx_word' id='word_1_315' title='bbox 532 3958 585 4021; x_wconf 86' lang='lat' dir='ltr'><strong>p.3</strong></span> <span class='ocrx_word' id='word_1_316' title='bbox 605 3951 684 4022; x_wconf 83' lang='grc'><strong>[694]</strong></span> <span class='ocrx_word' id='word_1_317' title='bbox 703 3950 732 4005; x_wconf 88' lang='lat' dir='ltr'><strong>ff.</strong></span> <span class='ocrx_word' id='word_1_318' title='bbox 756 3953 844 4006; x_wconf 85' lang='lat' dir='ltr'><strong>etwas</strong></span> <span class='ocrx_word' id='word_1_319' title='bbox 867 3951 968 4005; x_wconf 79' lang='lat' dir='ltr'><strong>andere</strong></span> <span class='ocrx_word' id='word_1_320' title='bbox 986 3950 1057 4018; x_wconf 83' lang='lat' dir='ltr'><strong>und,</strong></span> <span class='ocrx_word' id='word_1_321' title='bbox 1082 3949 1135 4004; x_wconf 79' lang='lat' dir='ltr'><strong>wie</strong></span> <span class='ocrx_word' id='word_1_322' title='bbox 1154 3949 1200 4004; x_wconf 92' lang='lat' dir='ltr'><strong>ich</strong></span> 
     </span>
     <span class='ocr_line' id='line_1_38' title="bbox 55 4038 1201 4115; baseline -0.004 -18"><span class='ocrx_word' id='word_1_323' title='bbox 55 4042 173 4115; x_wconf 76' lang='lat' dir='ltr'><strong>glaube‚</strong></span> <span class='ocrx_word' id='word_1_324' title='bbox 199 4039 333 4110; x_wconf 85' lang='lat' dir='ltr'><strong>richtigcr</strong></span> <span class='ocrx_word' id='word_1_325' title='bbox 360 4040 466 4110; x_wconf 83' lang='lat' dir='ltr'><strong>gefasst</strong></span> <span class='ocrx_word' id='word_1_326' title='bbox 493 4040 550 4094; x_wconf 92' lang='lat' dir='ltr'><strong>und</strong></span> <span class='ocrx_word' id='word_1_327' title='bbox 573 4038 762 4109; x_wconf 76' lang='lat' dir='ltr'><strong>ausgodrtckt</strong></span> <span class='ocrx_word' id='word_1_328' title='bbox 783 4039 884 4094; x_wconf 91' lang='lat' dir='ltr'><strong>finden.</strong></span> <span class='ocrx_word' id='word_1_329' title='bbox 909 4069 942 4078; x_wconf 97' lang='lat'>—</span> <span class='ocrx_word' id='word_1_330' title='bbox 966 4040 998 4093; x_wconf 91' lang='lat' dir='ltr'><strong>ln</strong></span> <span class='ocrx_word' id='word_1_331' title='bbox 1020 4038 1128 4093; x_wconf 87' lang='lat' dir='ltr'><strong>Betreff</strong></span> <span class='ocrx_word' id='word_1_332' title='bbox 1151 4038 1201 4092; x_wconf 90' lang='lat' dir='ltr'><strong>der</strong></span> 
     </span>
     <span class='ocr_line' id='line_1_39' title="bbox 56 4125 1200 4199; baseline -0.003 -14"><span class='ocrx_word' id='word_1_333' title='bbox 56 4129 235 4185; x_wconf 83' lang='lat' dir='ltr'><strong>aahlreichen</strong></span> <span class='ocrx_word' id='word_1_334' title='bbox 257 4128 488 4199; x_wconf 81' lang='lat' dir='ltr'><strong>luschrilttypeu‚</strong></span> <span class='ocrx_word' id='word_1_335' title='bbox 517 4128 622 4183; x_wconf 88' lang='lat' dir='ltr'><strong>welche</strong></span> <span class='ocrx_word' id='word_1_336' title='bbox 645 4128 690 4182; x_wconf 78' lang='lat' dir='ltr'><strong>filr</strong></span> <span class='ocrx_word' id='word_1_337' title='bbox 712 4127 758 4182; x_wconf 89' lang='lat' dir='ltr'><strong>die</strong></span> <span class='ocrx_word' id='word_1_338' title='bbox 782 4127 986 4182; x_wconf 86' lang='lat' dir='ltr'><strong>vorstehcnden</strong></span> <span class='ocrx_word' id='word_1_339' title='bbox 1008 4125 1118 4182; x_wconf 78' lang='lat' dir='ltr'><strong>Blttter</strong></span> <span class='ocrx_word' id='word_1_340' title='bbox 1145 4145 1200 4181; x_wconf 90' lang='lat' dir='ltr'><strong>nen</strong></span> 
     </span>
    </p>
   </div>
   <div class='ocr_carea' id='block_1_4' title="bbox 55 4216 1199 4376">
    <p class='ocr_par' dir='ltr' id='par_1_4' title="bbox 55 4216 1199 4376">
     <span class='ocr_line' id='line_1_40' title="bbox 55 4216 1199 4290; baseline -0.003 -16"><span class='ocrx_word' id='word_1_341' title='bbox 55 4217 235 4290; x_wconf 73' lang='lat' dir='ltr'><strong>geschuitten</strong></span> <span class='ocrx_word' id='word_1_342' title='bbox 258 4219 370 4273; x_wconf 86' lang='lat' dir='ltr'><strong>werden</strong></span> <span class='ocrx_word' id='word_1_343' title='bbox 392 4221 529 4287; x_wconf 89' lang='lat' dir='ltr'><strong>mussten,</strong></span> <span class='ocrx_word' id='word_1_344' title='bbox 552 4217 622 4272; x_wconf 85' lang='lat' dir='ltr'><strong>wird</strong></span> <span class='ocrx_word' id='word_1_345' title='bbox 641 4233 705 4271; x_wconf 88' lang='lat' dir='ltr'><strong>man</strong></span> <span class='ocrx_word' id='word_1_346' title='bbox 724 4216 823 4286; x_wconf 86' lang='lat' dir='ltr'><strong>billige</strong></span> <span class='ocrx_word' id='word_1_347' title='bbox 842 4217 996 4271; x_wconf 86' lang='lat' dir='ltr'><strong>Nachsieht</strong></span> <span class='ocrx_word' id='word_1_348' title='bbox 1013 4216 1099 4285; x_wconf 76' lang='lat' dir='ltr'><strong>then,</strong></span> <span class='ocrx_word' id='word_1_349' title='bbox 1118 4234 1199 4270; x_wconf 86' lang='lat' dir='ltr'><strong>wenn</strong></span> 
     </span>
     <span class='ocr_line' id='line_1_41' title="bbox 55 4304 932 4376; baseline -0.002 -13"><span class='ocrx_word' id='word_1_350' title='bbox 55 4308 95 4363; x_wconf 88' lang='lat' dir='ltr'><strong>im</strong></span> <span class='ocrx_word' id='word_1_351' title='bbox 114 4306 259 4363; x_wconf 79' lang='lat' dir='ltr'><strong>einzelnen</strong></span> <span class='ocrx_word' id='word_1_352' title='bbox 276 4306 355 4362; x_wconf 90' lang='lat' dir='ltr'><strong>nieht</strong></span> <span class='ocrx_word' id='word_1_353' title='bbox 373 4305 443 4361; x_wconf 82' lang='lat' dir='ltr'><strong>alles</strong></span> <span class='ocrx_word' id='word_1_354' title='bbox 461 4307 533 4361; x_wconf 87' lang='lat' dir='ltr'><strong>nach</strong></span> <span class='ocrx_word' id='word_1_355' title='bbox 553 4307 676 4361; x_wconf 91' lang='lat' dir='ltr'><strong>Wunsch</strong></span> <span class='ocrx_word' id='word_1_356' title='bbox 695 4304 869 4376; x_wconf 83' lang='lat' dir='ltr'><strong>ausgefallen</strong></span> <span class='ocrx_word' id='word_1_357' title='bbox 886 4306 932 4361; x_wconf 83' lang='lat' dir='ltr'><strong>ist.</strong></span> 
     </span>
    </p>
   </div>
   <div class='ocr_carea' id='block_1_5' title="bbox 0 0 1478 5048">
    <p class='ocr_par' dir='ltr' id='par_1_5' title="bbox 0 0 1478 5048">
     <span class='ocr_line' id='line_1_42' title="bbox 0 0 1478 5048; baseline 0 1"><span class='ocrx_word' id='word_1_358' title='bbox 0 0 1478 5048; x_wconf 95' lang='lat' dir='ltr'><strong> </strong></span> 
     </span>
    </p>
   </div>
  </div>
 </body>
</html>
