3074 5138
370 367 656 417 onseuvnrrorucs
680 370 945 419 1110111110111.
1165 358 1230 424 439

89 514 117 572 et
137 509 334 593 simplicius,
363 510 417 576 sed
445 533 511 576 non
538 512 646 577 minus
675 517 785 598 aperte
813 512 924 578 Livius
947 515 1050 600 XXV,
1068 517 1138 600 4‚9
1163 517 1231 582 ‘tri-

89 615 172 680 buni’
200 615 309 701 inquit
337 617 475 700 ‘plebem
503 624 701 704 rogaverunt
726 620 902 705 plebesque
931 623 977 687 ite
1004 623 1120 707 scivit'‚
1150 625 1230 690 item

89 721 216 806 XXVII,
235 723 268 806 5,
290 724 328 789 11
354 722 487 788 ‘tribuni
510 725 615 808 plebis
638 732 796 811 rogarunt
818 729 993 814 plebesque
1017 730 1136 796 scivit':
1161 733 1227 816 qui·
1329 789 1333 803 .

89 831 141 894 bus
164 829 323 914 exemplis
350 829 415 894 iem
439 829 626 897 Brissonius
660 855 736 899 usus
769 835 807 899 de
840 834 989 901 formulis
1016 836 1063 920 ΙΙ,
1085 838 1134 902 18.
1181 838 1229 903 Ac

88 937 218 1001 fortasse
241 959 309 1003 non
332 938 442 1021 inepte
465 939 625 1022 quispiam
650 939 731 1006 illud
755 941 862 1024 ipsum
884 942 994 1008 dedite
1017 964 1115 1027 opere
1138 943 1230 1008 insti·

89 1044 180 1108 tuisse
203 1042 332 1110 Sullam
356 1044 546 1111 dictetorem
570 1047 721 1126 coniciet,
752 1051 800 1132 ut,
831 1070 904 1112 oum
932 1053 1099 1115 attenuere
1127 1051 1228 1116 tribu-

88 1151 195 1214 niciam
219 1153 418 1235 potestatem
442 1151 553 1242 vellet,
576 1175 641 1218 non
661 1155 829 1240 pauculos,
853 1154 907 1220 sed
928 1155 1082 1222 maiorem
1100 1160 1227 1241 partem

90 1259 285 1324 tribunorum
319 1279 434 1344 rogere
466 1259 555 1344 leges
588 1259 727 1325 iuberet:
761 1260 850 1345 quod
876 1265 999 1346 temen,
1030 1267 1068 1326 111
1094 1262 1128 1328 in
1157 1263 1229 1329 sole

89 1365 265 1430 coniectura
284 1365 437 1450 positum,
459 1367 554 1432 fenile
574 1368 713 1432 feremus
733 1368 761 1432 si
781 1369 854 1452 quis
873 1368 1000 1434 eredere
1021 1371 1227 1436 recusaverit.

166 1470 242 1537 Non
266 1475 436 1556 pauciores
466 1495 563 1558 quem
590 1477 746 1558 quattuor
772 1475 902 1540 tubulus
931 1475 1032 1541 fuisse
1054 1476 1137 1562 legis
1160 1477 1226 1543 An·

89 1579 184 1642 ionice
211 1575 292 1664 (quo
320 1580 451 1645 nomine
479 1580 646 1646 dicendum
674 1602 744 1644 esse
771 1582 952 1646 rectissime
981 1581 1018 1648 G.
1045 1582 1079 1647 F.
1103 1583 1228 1676 Pucbte

90 1687 229 1751 monebat
252 1685 361 1752 Instit.
383 1686 400 1750 I
423 1710 453 1772 p.
473 1688 538 1752 262
562 1687 609 1752 ed.
632 1686 719 1774 tert)
743 1687 1048 1754 demonstravimus:
1071 1689 1150 1756 licet
1172 1714 1226 1756 su-

91 1797 146 1856 tem
166 1793 322 1879 progredi
350 1794 437 1858 ultre
464 1793 617 1880 illamque
645 1795 805 1879 suspicari
832 1797 972 1861 fortasse
1001 1819 1058 1882 per
1087 1799 1226 1884 quinque

91 1899 157 1964 rdco
180 1900 314 1965 tabulas
337 1900 558 1966 continuatam
577 1923 656 1968 esse.
689 1901 788 1968 Cuius
804 1903 994 1988 suspitionis
1014 1926 1110 1969 unam
1129 1905 1226 1970 retio-

92 2028 153 2071 nem
174 2006 259 2072 banc
283 2007 450 2091 hebemus,
477 2008 565 2092 quod
587 2009 652 2074 loci
675 2031 713 2074 ec
735 2011 892 2094 temporis
916 2010 1168 2095 adscriptionem
1191 2013 1225 2077 in

92 2113 202 2197 legibue
222 2115 347 2180 actisve
366 2115 504 2198 publicis
524 2115 636 2200 populi
652 2115 790 2181 Romani
809 2139 961 2203 umquam
981 2118 1137 2184 omissam
1155 2141 1225 2186 esse

93 2221 135 2284 vir
163 2221 311 2287 videmur
343 2223 515 2288 concedere
547 2244 653 2307 posse.
702 2223 751 2288 De
779 2224 906 2308 legibus
938 2247 1004 2290 non
1035 2225 1224 2309 ignoramus

93 2331 190 2392 contre
212 2331 316 2395 stetui
341 2331 542 2414 plerumque:
566 2351 676 2394 verum
694 2335 732 2395 ut
749 2334 859 2396 temen
877 2354 935 2397 nec
956 2332 1147 2400 documenta
1165 2356 1225 2401 nec

93 2439 268 2518 argumenta
293 2437 421 2520 prolate
444 2435 518 2502 sint.
551 2435 643 2502 Nihil
667 2437 753 2502 enim
777 2439 884 2522 magis
903 2437 1035 2523 mirum,
1058 2441 1109 2505 vel
1132 2445 1169 2508 ut
1191 2445 1224 2506 et

93 2541 182 2606 verius
213 2548 247 2607 et
279 2543 420 2607 severius
448 2542 606 2622 dicemus,
640 2543 721 2608 nihil
749 2542 931 2628 perversius
959 2543 1097 2610 vidimus
1126 2569 1277 2631 quumxn

94 2647 201 2714 Klenzii
219 2651 255 2715 in
275 2650 456 2734 supplendo
475 2649 636 2734 principio
652 2649 805 2716 Serviliae
825 2675 901 2716 suae
920 2651 1120 2717 elaborantis
1139 2651 1223 2719 benc

94 2752 332 2840 disputationem
355 2779 451 2843 quam
472 2757 559 2822 infre
577 2757 757 2842 posuimus:
781 2757 886 2842 ‘plura
909 2759 1009 2824 etiem
1032 2759 1071 2824 de
1094 2759 1166 2824 loco
1190 2764 1224 2826 et
1302 2795 1309 2802 ·

26 2887 29 2895 ·
94 2865 233 2948 ternpore,
262 2886 346 2948 quae
369 2863 494 2928 addunt
520 2865 571 2929 lex
596 2865 747 2942 Quinctia
774 2870 807 2930 et
830 2863 977 2932 Valerius
1002 2865 1140 2950 Probus,
1170 2866 1222 2932 hic

95 2993 151 3036 cnm
168 2972 303 3060 Sigonio
325 2970 612 3056 praetermittenda
631 2972 753 3055 censui,
771 2971 896 3057 ‘quippe
915 2994 996 3057 quee
1015 2973 1050 3037 in
1069 2975 1222 3040 vetustio-

94 3079 166 3144 ribus
191 3081 302 3166 legum
333 3079 502 3162 exemplis,
534 3079 622 3143 velut
649 3079 682 3142 in
711 3078 883 3162 plebiscito
911 3079 950 3144 de
973 3081 1220 3146 Thermensium

96 3185 282 3252 inmunitate
305 3187 395 3250 etin
418 3207 531 3250 eversa
553 3188 683 3250 nostroe
706 3186 836 3251 tabulae
859 3189 961 3270 perte,
983 3187 1017 3251 in
1041 3187 1113 3271 lege
1136 3187 1220 3253 Tho-

96 3291 144 3374 ria,
165 3317 226 3359 non
250 3292 432 3358 addantur?
478 3292 579 3368 Quasi
608 3314 684 3356 vero
708 3293 881 3376 quicquam
911 3293 960 3356 vel
984 3293 1058 3358 eddi
1081 3296 1132 3358 vel
1155 3318 1221 3360 nou

97 3397 154 3462 cddi
175 3400 206 3464 in
224 3389 279 3466 eis'
293 3400 456 3484 partibus,
478 3421 561 3484 quae
578 3400 688 3464 nullae
707 3399 899 3484 superstites
920 3404 1008 3484 sunt,
1031 3401 1094 3465 dici
1108 3395 1220 3486 possiti

97 3499 276 3591 Quemquam
306 3528 378 3571 cnm
405 3506 440 3570 in
467 3505 529 3571 hoc
556 3510 625 3570 tum
653 3506 687 3570 in
712 3506 806 3571 unius
830 3509 957 3572 tentum
981 3509 1142 3592 rogatoris
1165 3531 1220 3574 no

98 3609 166 3675 nine
194 3613 340 3697 ponendo
364 3613 491 3678 Klenzii
524 3613 704 3698 exemplum
733 3615 831 3679 etiem
860 3613 1046 3679 Rudorffius
1073 3615 1220 3680 imitatus

98 3718 182 3783 estin
204 3718 367 3786 ‘Thorius'
390 3718 625 3804 supplementis
649 3720 716 3784 suis
739 3720 864 3804 p.142.
900 3719 962 3784 nu
986 3725 1094 3786 eutem
1117 3723 1218 3788 totius

98 3841 207 3890 censsce
229 3827 310 3893 hoec
334 3828 442 3911 potius
465 3827 548 3892 ratio
572 3829 605 3891 et
628 3827 782 3906 condicio,
806 3829 842 3890 nt
864 3848 963 3891 unum
987 3828 1105 3912 solum,
1133 3829 1218 3912 quod

99 3927 199 3996 ednos
219 3933 383 4017 proditum
407 3933 451 3998 sit
474 3933 619 4016 omnino,
649 3933 737 4017 pleni
760 3933 883 3998 exordii
907 3934 1088 4018 exemplum
1112 3934 1217 4000 locum

63 4041 70 4056 '
99 4037 262 4124 tempusque
291 4040 401 4104 addite
428 4040 560 4124 habeat,
591 4062 655 4105 non
682 4040 828 4106 omittet:
860 4040 945 4126 quod
973 4044 1024 4105 est
1051 4041 1216 4108 exordium

99 4138 163 4224 legis
184 4144 364 4229 Quinctiae,
395 4145 447 4210 his
479 4146 586 4211 verbis
618 4151 809 4232 conceptum
839 4147 922 4231 apud
950 4145 1143 4212 Frontinum
1178 4149 1217 4215 de

100 4249 171 4329 aquic
192 4254 276 4318 120
298 4253 452 4337 1149,οι
485 4251 721 4330 τ’1.1111111011110
745 4254 913 4339 Crispinus
943 4255 1053 4319 consul
1084 4256 1134 4336 [de
1155 4277 1216 4322 sen.

100 4358 169 4436 1011]
194 4361 343 4443 populum
372 4361 440 4424 iure
468 4361 600 4444 rogauit
626 4361 827 4445 populusque
859 4362 927 4426 iure
956 4360 1053 4428 sciuit
1079 4361 1112 4427 in
1144 4362 1215 4428 foro

101 4465 269 4540 prorostris
292 4466 381 4531 aedis
405 4466 472 4532 diui
496 4466 559 4531 luli
582 4489 628 4550 pr.
648 4465 702 4547 [1.]
725 4466 836 4533 Iulius.
870 4468 974 4533 tribue
994 4465 1108 4554 Sergia
1130 4469 1216 4553 prin-
