3048 5144
464 405 612 452 rmvuvs
637 403 843 453 scararum.
1158 387 1222 450 163

77 543 237 626 vestigata
273 545 543 628 deprehendatur,
575 570 595 611 a
631 547 811 631 philologis
838 545 972 618 discere,
1004 565 1100 626 quam
1127 543 1220 608 fasti-

76 648 191 712 diosius
226 635 378 716 cavillari
410 652 597 737 philologos
631 637 813 735 maduerint,
845 673 862 715 e
896 649 1081 715 Schneideri
1108 651 1222 716 rivulis

76 777 144 818 suos
173 757 320 840 irrigare
343 758 466 842 agellos
490 760 644 825 contenti.
690 760 813 837 Quibus
838 764 874 824 ut
896 759 975 823 illud
998 757 1112 840 debeo,
1136 758 1221 842 quod

76 862 179 942 floreius
203 869 239 926 et
272 865 442 945 conflovonl
469 847 621 932 finitima
639 889 708 932 esse
733 865 917 930 Senseritac
934 865 1043 946 plawa
1065 863 1165 929 radici
1191 867 1223 929 et

77 969 191 1032 latinae
212 972 330 1052 pluuia
359 974 429 1037 voci
457 972 617 1056 intellexi,
645 975 693 1038 ita
716 975 758 1038 ah
782 973 903 1038 eisdem
927 973 1083 1056 percupio
1107 972 1171 1038 alia
1189 973 1223 1036 in

75 1075 129 1140 hoc
155 1097 282 1162 genere
311 1079 433 1162 doceri,
466 1080 550 1164 quod
583 1080 730 1164 equidem
761 1102 825 1144 non
854 1079 1013 1162 potuerim
1041 1079 1104 1143 nisi
1133 1079 1223 1142 testi·

76 1183 257 1248 momorum
281 1185 346 1248 fide
369 1186 543 1250 inlustrare
567 1190 600 1250 et
623 1187 739 1270 quibus
760 1185 934 1250 memoriae
953 1185 1070 1250 finibus
1089 1185 1221 1249 circnm-

75 1289 271 1355 scriheretur
296 1292 471 1374 explorare.
504 1293 576 1370 Qua
597 1298 708 1358 tamen
727 1293 780 1358 via
803 1315 874 1357 cum
898 1292 969 1356 fieri
987 1295 1127 1376 nequeat
1145 1291 1222 1374 quin
1236 1307 1261 1347 ιθ

75 1397 184 1461 saltem
208 1421 292 1482 pars
321 1421 415 1464 verae
443 1402 579 1465 rationis
607 1423 708 1485 eaque
736 1424 802 1466 non
831 1400 966 1464 minima
989 1399 1134 1483 patefiat,
1157 1420 1222 1463 non

75 1505 206 1568 nimium
244 1505 366 1570 audere
398 1505 545 1590 videbor,
582 1530 654 1573 cum
693 1509 796 1574 multo
828 1509 922 1592 plura
954 1505 1011 1571 OV
1045 1505 1222 1588 scripturae

75 1611 233 1696 exempla,
269 1613 300 1675 si
333 1611 406 1695 plns
439 1619 723 1680 monumentorum
755 1617 951 1697 superesset,
988 1615 1148 1696 repertum
1182 1611 1223 1674 iri

74 1717 187 1784 dixero.
246 1717 368 1804 Qualia
396 1719 507 1784 futuru
540 1722 623 1804 sint,
659 1727 694 1785 ut
726 1721 882 1804 exemplis
914 1724 1005 1803 utar,
1036 1716 1222 1783 LOVCIVS

73 1822 257 1890 lthNlOR
305 1824 476 1892 ROVINA
522 1825 734 1891 MOVTARE
776 1823 1009 1892 PROVDENS
1050 1823 1222 1889 'l’OVTVS

75 1929 337 1996 AVSGOVLTO
360 1931 508 1998 NOVLO
532 1932 721 1998 NOVMEN
745 1929 992 2015 NOVNOVPO,
1014 1932 1094 1996 item
1116 1929 1223 1996 Nov-

75 2035 160 2102 ΒΑΜ
192 2061 258 2122 pro
294 2059 418 2103 norom:
450 2044 487 2104 ut
517 2062 583 2105 non
614 2041 790 2104 miraturus
823 2061 945 2122 essem,
983 2039 1010 2103 si
1042 2036 1222 2103 VOVRAT

74 2144 173 2224 potins
202 2167 308 2228 quam
337 2144 532 2228 bisyllabam
565 2167 749 2210 mensuram
778 2166 921 2228 aequans
950 2143 1160 2210 VOVERAT
1188 2144 1220 2208 in

76 2250 238 2315 versiculis
263 2251 357 2316 tituli
380 2250 573 2316 Mummiani
597 2252 751 2335 scriptum
776 2255 869 2316 esset.
908 2249 969 2315 Sed
994 2255 1100 2316 tacere
1125 2273 1221 2334 quam

75 2355 225 2422 hariolari
250 2359 410 2440 praestat.

370 2892 414 2964 II.
470 2892 523 2964 De
551 2891 663 2964 titulo
692 2887 933 2982 Aletrinati*)

396 3046 515 3114 (accedit
532 3045 631 3100 tauma
649 3043 905 3136 liuprammo.

156 3191 400 3256 Aletrinalium
432 3189 498 3254 sive
522 3190 756 3255 Aletrinatium
785 3187 916 3251 titulum
944 3185 977 3250 in
1007 3185 1164 3250 honorem
1187 3186 1221 3251 L.
1235 3205 1274 3245 111

77 3295 223 3361 Betilieni
260 3294 295 3360 L.
321 3295 341 3359 f.
366 3295 445 3360 Veri
472 3295 595 3360 fectum
619 3318 692 3360 cum
715 3316 775 3359 nec
801 3292 914 3358 Celsus
938 3289 1137 3375 Oittadinus,
1164 3313 1223 3356 nec

79 3401 232 3468 Gruterus
258 3425 290 3485 p.
314 3402 385 3482 171,
409 3402 428 3466 8
452 3423 647 3485 quamquam
667 3423 686 3465 a
705 3398 825 3464 Smetio
849 3402 1027 3482 acceptum,
1050 3400 1130 3464 sctis
1154 3398 1224 3462 dili-

78 3515 181 3591 genter
205 3507 383 3590 ediderint,
406 3507 447 3571 ad
470 3507 639 3591 archetypi
656 3505 751 3570 fidem
775 3505 920 3588 exemplo
944 3503 1152 3589 lithographo
1176 3505 1224 3568 ita

77 3616 269 3682 imitandum
298 3613 494 3695 curarimus,
522 3618 560 3679 ut
587 3613 625 3678 de
654 3635 731 3678 vera
759 3611 898 3676 lectione
928 3610 1012 3676 nihil
1039 3611 1104 3675 icm
1132 3610 1222 3676 dubi-

80 3783 290 3792 .--ω-ρ..-

156 3882 183 3949 *)
205 3877 401 3950 [Prooemium
416 3876 515 3932 indicis
529 3875 686 3931 scholarum
700 3874 877 3929 hibernarum
887 3873 1074 3929 Bonnensium
1088 3887 1223 3926 annorum

78 3965 287 4024 cloloccchu
306 3969 337 4020 et
353 3965 426 4032 nnn
454 3982 591 4020 unacum
610 3966 817 4033 programmate
835 3961 996 4018 academico
1015 3960 1139 4018 ciusdem
1157 3957 1223 4014 anni

80 4063 137 4112 1852
153 4059 204 4112 ‘de
219 4052 346 4110 miliario
360 4053 516 4123 Popilliano
530 4054 620 4124 deque
636 4052 837 4123 epigrammate
851 4051 968 4105 Sorano’
981 4051 1056 4105 foras
1070 4049 1167 4104 datram
1183 4050 1225 4102 est

78 4144 210 4202 inlibello
228 4143 423 4199 ‘Monumenia
438 4142 618 4213 epigraphica
635 4141 698 4197 tria.
726 4140 850 4196 Berolini
870 4140 949 4209 1852’
971 4138 1069 4194 oddita
1086 4136 1223 4208 singulari

79 4233 258 4306 inscriptione
284 4233 354 4287 heo:
384 4231 437 4286 ‘De
464 4231 548 4286 titulo
572 4229 723 4286 Aletrinati
751 4227 967 4285 commentarius
994 4227 1024 4282 F.
1053 4225 1221 4282 llitechelii'.

79 4321 140 4379 lide
158 4339 240 4378 nnnc
260 4321 290 4377 O.
309 4321 331 4374 Ι.
349 4321 380 4374 L.
399 4320 452 4374 In.
469 4325 549 4386 11663
569 4320 598 4374 P.
610 4320 644 4379 L.
659 4319 696 4373 Μ.
712 4319 743 4373 Ε.
757 4319 814 4372 tab.
830 4317 921 4372 LlIB
936 4320 965 4372 et
979 4316 1075 4370 Enarr.
1090 4333 1117 4385 p.
1132 4320 1166 4368 46
1181 4331 1222 4382 sq.

80 4413 183 4479 et105;
205 4410 245 4466 of.
267 4406 446 4464 ‘Bullettino'
469 4413 537 4463 1865
556 4426 583 4478 p.
604 4413 647 4463 65.
688 4406 717 4461 C.
738 4406 793 4476 W.]

140 4503 183 4572 ⁸2)
204 4497 333 4572 [Tabula
349 4495 388 4550 Vl
407 4497 504 4552 eadem
522 4499 568 4552 est
584 4498 668 4563 atque
689 4494 718 4549 P.
738 4495 767 4550 1..
787 4493 823 4546 M.
843 4493 874 4549 Ε.
893 4493 951 4549 tab.
970 4493 988 4547 l.
1026 4493 1055 4548 C.
1075 4491 1133 4562 W.]

957 4581 1010 4636 11*
