3062 5142
311 377 376 442 202
455 393 604 442 nrnvnvs
628 395 819 442 convenia
844 393 1049 441 nossentne
1073 393 1308 444 uvnnnrnsnn

311 537 649 624 Regnnmqueeius
668 537 1382 618 laniariinerte-frictumdtsebrietum
1402 545 1462 604 est.

310 645 404 710 Eius
427 644 482 709 re‘i
506 665 598 730 ergo
622 644 750 709 eidem
774 643 937 710 Liribns
964 681 985 689 -
1008 643 1240 726 permarinis
1264 645 1386 710 uiuit

398 769 504 834 Versu
527 769 548 833 2
575 789 670 834 cause
692 789 751 852 pro
779 775 872 851 eaput
899 767 1167 834 Drakenborchio
1200 769 1338 834 debetur

183 941 187 948 .
309 878 349 943 V.
368 879 388 942 3
406 878 547 960 praetori
574 875 753 942 addendum
781 881 853 942 erat
880 899 952 942 eum
978 875 1125 962 sigonio,
1152 899 1217 942 non
1240 877 1364 960 Repille
1390 899 1463 942 eum

310 983 478 1050 Perizonio
576 983 615 1048 V.
635 985 655 1048 6
679 981 810 1048 Samum
829 983 1000 1067 Chiumque
1022 983 1108 1048 idem
1128 980 1281 1069 Sigonius
1305 986 1464 1069 repperit

309 1091 433 1157 Ibidem
456 1113 505 1158 eos
527 1091 664 1174 litteras,
687 1090 771 1156 unde
794 1093 943 1156 effectum
963 1089 1112 1157 aFnlvio
1125 1090 1245 1157 Vrsino
1268 1111 1318 1157 eos
1341 1114 1464 1176 parum

309 1199 422 1282 aptum
446 1201 509 1284 est,
532 1199 729 1282 interpretor
751 1220 789 1262 ex
812 1219 896 1281 eopse
918 1198 1023 1263 forma
1043 1197 1182 1282 relictas,
1205 1197 1254 1262 eui
1273 1198 1464 1281 explicandi

310 1327 407 1369 cansa
426 1304 600 1388 ascriptum
619 1306 685 1388 ipse
704 1304 800 1370 simul
819 1305 956 1389 inrepsit
1052 1303 1093 1370 V.
1109 1307 1127 1370 7
1152 1305 1231 1371 (lem
1248 1303 1464 1370 Hermannus

310 1410 458 1476 eddidit'
492 1409 659 1476 Pertinent
690 1416 798 1477 autem
830 1412 910 1478 haee
941 1432 1011 1477 erm
1034 1465 1041 1478 .
1061 1463 1068 1476 .
1087 1464 1094 1478 .
1114 1465 1120 1478 .
1144 1411 1311 1494 elephantis
1339 1411 1384 1476 ad
1417 1413 1464 1476 in·

308 1522 458 1600 mumulo
480 1517 648 1583 Antiocho:
677 1541 759 1604 qnae
787 1540 859 1584 eum
888 1519 928 1584 ad
958 1541 997 1584 ea
1020 1541 1101 1604 quae
1124 1520 1341 1604 insequuntur
1366 1517 1464 1604 Siga·

309 1624 384 1688 nius
407 1623 555 1707 referret,
585 1624 734 1710 expedire
761 1649 826 1692 non
854 1627 961 1709 potuit
1073 1623 1112 1691 V.
1136 1627 1155 1692 8
1179 1628 1295 1692 ammei
1320 1629 1467 1692 ualentia

309 1733 393 1796 niele
415 1730 656 1816 dittographiae
680 1733 779 1798 errori
804 1733 926 1798 tribuo:
951 1754 1033 1818 quae
1051 1729 1216 1818 (similiter
1237 1737 1334 1818 atque
1360 1755 1466 1817 supra

309 1859 358 1903 eos
381 1835 468 1926 ipso)
486 1836 561 1902 inde
583 1837 673 1902 nasei
696 1839 804 1922 potuit
827 1838 928 1924 qnod,
956 1861 1028 1903 eum
1053 1839 1166 1904 vitiose
1190 1839 1350 1923 seriptum
1375 1845 1467 1905 esset

308 1946 456 2024 antitiste,
488 1945 550 2011 hoe
582 1949 689 2010 autem
723 1966 795 2009 rere
828 1948 1021 2028 correctum,
1056 1945 1246 2010 servabatur
1275 1949 1465 2032 utrumque.

310 2051 443 2136 Alioqui
466 2073 531 2117 non
555 2053 663 2136 inepte
686 2053 816 2136 quidem
835 2051 1040 2118 Hermennus
1059 2052 1206 2118 Antiochi
1229 2053 1357 2118 ineinsa
1375 2057 1466 2119 uictu

269 2158 381 2238 ²³frisa
405 2158 473 2222 ilisa
496 2157 606 2241 sepita
628 2164 684 2243 est,
708 2157 765 2224 sed
784 2163 907 2236 tamen,
931 2160 958 2223 si
982 2157 1059 2243 quid
1083 2159 1188 2243 video,
1211 2179 1251 2223 ne
1274 2159 1358 2224 satis
1384 2165 1466 2245 apte

309 2263 438 2348 quidem
535 2264 575 2330 V.
597 2267 637 2330 10
669 2264 779 2330 XLII
797 2266 938 2330 numeris
962 2287 1021 2348 pro
1044 2263 1154 2330 LXII
1166 2263 1361 2329 substitutis
1386 2289 1464 2332 eum

309 2368 443 2455 Sigonio
466 2371 566 2436 malui
590 2370 631 2436 ad
655 2371 776 2436 codicis
799 2371 896 2436 fidem
918 2392 1020 2456 prope
1044 2371 1207 2454 accedere,
1235 2394 1333 2456 quam
1358 2368 1464 2439 lieen-

308 2477 372 2542 tius
397 2477 533 2542 mutatis
556 2478 620 2543 duo
644 2478 836 2552 amissarum
856 2477 987 2587 navium
1011 2497 1132 2564 genera
1150 2475 1196 2541 sie
1214 2476 1466 2546 discriminare:

370 2599 518 2687 Captae
540 2603 656 2668 deee'm
679 2609 765 2686 trae,
788 2603 926 2668 mersae
948 2639 969 2647 -
992 2601 1079 2667 suut
1100 2601 1227 2667 neuim
1249 2603 1398 2686 nipinti

307 2723 391 2812 (sive
406 2725 525 2810 Captae
537 2734 611 2793 sunl
633 2729 693 2792 tre's
711 2728 818 2812 deceni,
841 2727 975 2794 riter-sai
989 2727 1097 2792 neuim
1115 2727 1230 2809 nipinti
1247 2729 1465 2814 praetuleris)

308 2836 437 2898 anctore
465 2832 592 2916 quidem
621 2833 728 2919 Liris,
759 2835 814 2917 qni
841 2835 862 2900 l.
885 2831 1044 2899 XXXVII
1074 2855 1100 2897 e.
1118 2833 1162 2898 30
1185 2831 1386 2917 ‘capessunt'
1412 2837 1464 2901 in·

308 2937 379 3022 quit
402 2937 526 3022 ‘fugem
549 2939 765 3024 quadraginta
788 2939 911 3006 duabus
935 2939 1073 3004 nauibus
1100 2939 1134 3003 in
1163 2961 1201 3004 ea
1223 2960 1334 3025 pugna
1358 2943 1464 3008 amis-

308 3043 361 3130 sis,
385 3065 520 3128 quarum
543 3045 652 3110 decem
676 3048 741 3110 tres
765 3049 880 3130 captae
907 3046 942 3130 ip
968 3049 1165 3130 potestatem
1188 3045 1334 3112 hostium
1357 3071 1462 3114 uene-

307 3155 396 3234 runt,
424 3154 549 3218 ceterae
579 3153 760 3217 incensae
793 3156 859 3218 eut
886 3150 1104 3218 demersae?
1125 3223 1126 3228 γ
1150 3151 1178 3217 Ε
1203 3153 1320 3238 quibus
1344 3157 1462 3222 verbis

307 3257 369 3322 nisi
393 3258 756 3345 penderemaluiseem,
780 3263 950 3344 potueram
975 3259 1072 3324 etiam

373 3381 518 3466 Captae
540 3389 627 3449 suut
648 3385 713 3448 urit
734 3385 917 3450 demersae
934 3421 956 3429 -
974 3384 1069 3449 ditae
1094 3382 1359 3470 qnadraginta

306 3507 356 3571 vel
371 3507 489 3590 Captae
507 3508 557 3574 uel
574 3508 726 3574 derum
749 3509 869 3574 omisso
887 3513 972 3592 simi,
995 3509 1046 3572 vel
1061 3508 1180 3591 Capue'
1193 3509 1242 3574 uel
1262 3509 1422 3576 deinum
1437 3549 1460 3558 —

305 3613 384 3678 deine
406 3614 614 3698 quadriplam
639 3621 712 3680 sunt
743 3615 794 3680 vel
820 3614 894 3680 erint
920 3615 1129 3698 qrredripietci
1155 3617 1234 3681 duae
1260 3613 1312 3678 vel
1336 3615 1467 3699 Captae

305 3726 378 3788 eunt
398 3721 452 3786 ue'l
474 3721 662 3786 demur-sae
679 3721 887 3804 qrradrcipietci
913 3723 992 3786 deae
1020 3722 1071 3786 vel
1099 3721 1126 3786 si
1154 3742 1235 3805 qnos
1263 3721 1347 3786 alios
1377 3745 1460 3790 eon-

306 3825 465 3894 iormandi
494 3826 605 3892 modos
636 3827 806 3912 multiplex
835 3828 930 3894 huius
963 3827 1092 3913 generis
1124 3827 1265 3892 varietas
1298 3828 1461 3898 admittit.

305 3931 390 3999 Nam
414 3933 452 3998 de
475 3913 670 3999 duae‘voeis
694 3955 844 3998 mensura
872 3934 1098 4018 monosyllaba
1120 3931 1171 4020 (nt
1193 3957 1221 4000 v.
1240 3934 1260 3998 9
1283 3933 1345 4019 die)
1370 3938 1459 4002 satis

306 4063 323 4105 e
341 4039 457 4106 Plauto
476 4044 606 4108 eonetat
682 4039 841 4126 V.11sq.
865 4045 976 4106 vastus
1001 4041 1180 4107 sententiae
1205 4045 1459 4128 structuraeque

304 4147 413 4212 hiatus
437 4147 522 4233 qnod
546 4148 597 4212 his
621 4148 728 4214 verbis
757 4148 878 4234 expleri
906 4169 1001 4232 posse
1030 4171 1103 4214 eum
1126 4148 1247 4214 Vrsino
1274 4151 1346 4214 tum
1369 4147 1459 4216 Her-

305 4275 423 4320 manno
447 4255 534 4320 visus
556 4261 619 4320 est:

371 4377 426 4442 En
448 4383 575 4464 pilgna
597 4383 772 4465 pignatst
795 4401 859 4444 rex
877 4416 899 4426 -
916 4375 1145 4445 'AntioehrIs
1169 4383 1404 4464 regnumque

371 4485 465 4554 Eius
487 4488 526 4552 in
542 4487 762 4570 poleslrilem
779 4487 911 4570 pipeti
930 4523 950 4532 -
967 4485 1130 4552 Ro'mani
1150 4486 1381 4604 redictum·
