3062 5142
265 359 331 426 250
483 379 734 426 uu‘ruouocmn
759 378 911 432 ramula
936 379 1198 428 oououusurvu.

264 520 487 604 participium,
515 543 578 606 quo
601 542 734 606 prorsus
758 544 839 606 opus
867 526 917 588 est
944 523 984 588 ad
1013 523 1220 588 construendi
1243 524 1430 588 rationem.

264 626 348 692 Vide
372 627 472 712 igitur
495 651 572 694 num
596 629 781 713 probabiles
805 629 952 694 versiculi
976 630 1023 695 sio
1047 629 1218 715 prodeant:

265 751 443 819 Abstulit
466 775 541 819 una
564 753 645 820 dies
669 751 875 842 animabo),
899 776 1115 842 corpusque
1140 755 1297 822 simitur

265 861 373 926 Arsit
396 865 434 926 et
456 860 495 924 in
515 859 665 927 cineres
683 861 786 928 iacet
803 860 865 926 hic
885 882 1034 927 uersum
1053 861 1176 947 adque
1194 861 1434 948 fauillam).

266 966 489 1052 Supremum
512 988 646 1032 munus
669 965 811 1033 misero
836 989 999 1052 posuere
1023 967 1195 1034 sodales:

266 1091 382 1177 quibus
410 1091 517 1157 verbis
546 1092 632 1177 quod
661 1096 753 1157 extra
781 1113 910 1158 versum
937 1091 1225 1159 FORTVNESES
1258 1095 1434 1160 subicitur

265 1221 329 1263 una
352 1203 514 1264 structura
537 1196 751 1283 grammatica
774 1197 997 1263 continuatum
1019 1199 1250 1284 superioribus,
1272 1201 1435 1284 pertinet

265 1304 299 1370 id
323 1305 362 1370 erl
385 1305 467 1370 illud
491 1325 593 1390 genus
613 1305 698 1390 quod
716 1305 883 1391 tetigimus
903 1327 1017 1371 comm.
1036 1307 1076 1372 de
1094 1305 1150 1372 tit'
1162 1307 1296 1372 Momm.
1317 1329 1347 1391 p.
1372 1307 1433 1373 Ill

267 1415 380 1495 [supra
398 1435 429 1496 p.
444 1412 486 1478 85
501 1415 570 1497 sq.].
601 1409 750 1478 Ceterum
776 1411 932 1477 simitnr
955 1413 1060 1479 forma
1083 1413 1141 1480 illa
1163 1435 1228 1479 non
1246 1415 1433 1480 immerito

266 1522 437 1604 quaeretur
464 1541 541 1584 num
569 1519 654 1584 forte
684 1542 724 1584 ne
749 1518 902 1586 aPlauto
930 1520 1060 1604 quidem
1085 1521 1191 1586 aliena
1215 1521 1267 1586 sit
1311 1519 1432 1586 Cuius

266 1629 382 1710 poetae
409 1647 492 1690 unus
519 1626 724 1711 potissimum
758 1647 868 1690 versus
898 1630 977 1710 est,
994 1627 1049 1712 qui
1076 1627 1135 1692 illa
1167 1631 1296 1712 recepta
1327 1627 1434 1694 haud

268 1730 421 1796 mediocri
441 1732 620 1812 offensione
638 1732 803 1797 liberetur.
834 1733 965 1798 Etenim
980 1733 1200 1800 Mostellariae
1219 1735 1438 1800 ul920nn1

211 1859 260 1899 an
268 1861 326 1924 pro
355 1860 393 1904 eo
422 1838 507 1924 quod
535 1836 687 1904 eVetere
711 1838 833 1904 editum
856 1841 906 1904 est
929 1839 1062 1904 labante
1087 1843 1191 1906 metro
1213 1841 1309 1906 mmai
1331 1840 1440 1907 haud

260 1946 364 2028 potui,
402 1944 653 2010 Ambrosianum
687 1967 832 2010 servasse
868 1945 975 2011 simitu
1005 1944 1068 2012 hoa
1094 1948 1186 2030 potui
1221 1947 1275 2012 vix·
1305 1947 1436 2014 dubiis

267 2051 414 2137 vestigiis
444 2051 664 2136 intellegatur,
696 2055 807 2116 tamen
835 2051 904 2116 sani
932 2051 1007 2116 hino
1035 2051 1199 2118 bacchiaci
1232 2051 1316 2119 effici
1348 2075 1436 2120 non

267 2162 443 2243 potuerunt
469 2157 533 2222 nisi
561 2157 667 2225 forma
693 2159 822 2224 invecta
849 2157 1063 2224 dubitationis
1091 2159 1280 2244 plenissima
1302 2163 1437 2243 potissi.

270 2265 341 2342 Qua
362 2265 458 2330 facile
480 2287 564 2330 nunc
587 2265 633 2330 sic
656 2265 850 2330 carebimus:

401 2391 482 2475 Ego
506 2387 568 2454 hie
592 2411 676 2454 osse
700 2387 844 2455 stillio
867 2387 1117 2456 simiturhau
1141 2391 1269 2474 p6tui,

269 2515 397 2600 quando
430 2513 512 2580 nihil
545 2536 678 2580 caussae
710 2518 760 2579 eat
792 2537 848 2579 cur
883 2537 942 2599 pro
977 2514 1068 2579 brevi
1099 2513 1257 2580 habeatur
1289 2514 1436 2584 ultima.

269 2623 381 2708 Itaque
405 2623 504 2688 etiam
532 2620 782 2706 Amphitruonis
806 2620 855 2705 ll,
881 2622 896 2684 1
927 2644 956 2686 v.
980 2621 1022 2686 84
1046 2621 1079 2685 in
1108 2626 1262 2708 promptu
1290 2625 1344 2688 est
1376 2625 1439 2691 sic

269 2729 436 2794 consulere
460 2729 655 2814 elegantiae:

314 2853 400 2918 Non
422 2873 491 2937 ego
515 2875 596 2916 oum
620 2852 709 2917 uino
733 2851 889 2918 simitur
912 2851 1018 2916 ‹ibibi
1042 2851 1245 2936 imperirlm
1269 2855 1403 2940 tuum,

269 2975 463 3042 necessitato
486 2974 616 3062 quidem
639 2976 740 3060 nulla,
763 2998 874 3042 verum
897 2999 955 3061 per
977 2981 1088 3042 tamen
1110 2975 1286 3042 commode.

735 3156 892 3166 ..-Ἣ-
912 3156 947 3164 -.-

359 3261 390 3314 Ρ.
405 3259 455 3314 Vll
475 3260 573 3330 [supra
590 3278 618 3329 p.
637 3259 702 3330 244]
721 3257 751 3313 in
770 3257 853 3314 titulo
872 3259 904 3314 Τ.
923 3256 1061 3312 Postumii
1080 3259 1218 3327 opertos
1236 3275 1354 3314 manos
1376 3279 1438 3318 no-

272 3351 374 3406 minem
393 3349 485 3421 tugiet
503 3367 553 3404 nos
573 3365 620 3405 eos
638 3348 839 3420 interpretatos
857 3365 930 3415 esee,
957 3347 1004 3416 qui
1023 3345 1145 3417 neglecti
1168 3347 1354 3402 othonorum
1378 3367 1437 3406 ex-

271 3441 364 3512 pertes
384 3457 439 3495 non
458 3441 550 3494 essent
567 3441 710 3508 tamquam
729 3439 828 3508 aperte
845 3435 874 3490 in
893 3436 956 3490 luco
974 3435 1073 3506 positi,
1097 3435 1145 3490 aad
1168 3435 1318 3492 oblivionis
1342 3439 1437 3496 tone·

273 3529 329 3584 bris
347 3528 448 3585 obruti.
485 3529 589 3582 Verum
609 3545 671 3584 cum
690 3527 765 3598 apud
784 3525 892 3580 Livium
912 3525 1010 3595 XXXI,
1024 3531 1058 3579 ³0
1076 3525 1105 3578 in
1124 3524 1250 3580 oratione
1264 3525 1437 3585 Athenien-

273 3619 344 3674 sium
363 3619 413 3672 illa
431 3615 514 3688 plena
532 3617 649 3672 affectus
672 3617 742 3672 haec
761 3616 903 3686 legantur:
931 3613 1024 3668 oruata
1046 3614 1172 3682 retulero
1193 3619 1438 3687 monumenque

273 3709 369 3762 diruto
386 3723 441 3762 cssc
459 3707 490 3760 ia
503 3707 605 3774 finibus
618 3707 685 3774 autu,
704 3706 824 3760 omnium
842 3705 987 3758 caudatos
1004 3719 1128 3769 arcarios,
1146 3699 1252 3756 aethius
1264 3718 1328 3758 oceo
1345 3709 1438 3762 terra

273 3797 339 3865 topi,
366 3795 415 3851 ubi
438 3797 557 3850 rrudmoa
578 3810 670 3850 neom
692 3795 810 3864 apparet
833 3792 875 3848 ita
897 3790 954 3846 dici
977 3793 1009 3846 ut
1035 3791 1070 3846 de
1093 3789 1222 3846 manibus
1249 3791 1436 3850 annuarum

273 3885 301 3941 h.
321 3902 344 3939 e.
368 3885 576 3959 inhumatorum
600 3883 746 3954 cogitetur,
774 3881 844 3936 nihil
867 3879 1003 3950 impedire
1026 3879 1136 3936 videtur
1159 3877 1308 3948 quominus
1331 3887 1439 3950 operti

273 3990 365 4029 mones
383 3973 412 4028 in
431 3975 503 4027 hanc
521 3974 630 4042 partem
649 3970 832 4040 accipiantur,
851 3971 882 4024 ut
900 3968 956 4024 nint
974 3971 1133 4039 opertorum
1152 3967 1179 4022 h.
1194 3983 1217 4020 e.
1236 3969 1312 4022 terra
1329 3969 1436 4026 teoto-

274 4081 334 4116 rum
354 4063 568 4133 sepulturaeque
586 4061 648 4115 iura
665 4062 809 4115 nactorum
828 4075 933 4114 manoe.
967 4055 1057 4122 Quam
1076 4055 1217 4112 notionem
1236 4055 1285 4110 ubi
1298 4057 1435 4130 bremnr,

274 4151 402 4222 graviore
425 4150 537 4220 quidem
561 4149 715 4206 mutatione
739 4147 814 4203 omni
832 4145 973 4202 abstinere
996 4145 1107 4214 licebit,
1132 4145 1202 4202 hacc
1224 4146 1257 4200 ut
1279 4147 1436 4205 sententia

274 4243 375 4308 poetae
398 4240 494 4296 tuerit:
522 4240 576 4295 rito
599 4239 772 4310 sepultorum
791 4253 886 4293 manes
909 4237 938 4292 vi
962 4239 991 4292 at
1008 4235 1150 4306 potestate
1172 4233 1269 4290 diuina
1291 4233 1348 4290 frui
1372 4255 1435 4308 per

275 4344 356 4384 omne
374 4346 473 4384 aarum
491 4329 637 4384 duratura:

772 4431 914 4482 namquo
933 4414 1064 4483 opertis
1082 4411 1235 4468 manibus

506 4504 632 4562 Diuinu
649 4503 701 4560 uis
719 4504 771 4558 eat
789 4501 963 4559 nouiterui
981 4500 1160 4572 temporis:
