2948 5048
196 244 239 308 56
494 259 640 310 smnurs
664 262 701 308 m
725 263 794 308 osa
818 261 888 308 unx
912 246 1051 308 avonis.

197 402 311 468 denter
334 404 491 468 omissum
515 425 593 467 csse.
640 404 690 466 Ad
713 403 729 468 Ι
753 405 772 468 3
796 409 944 488 poteram
973 404 1143 487 adnotare,
1176 405 1267 489 quod
1291 428 1354 490 pro

197 508 316 573 vitioso
340 515 688 569 IVDICAVERITVE
715 509 848 595 Hugoni
872 510 950 575 olim
972 511 1007 575 in
1030 513 1171 574 mentem
1198 511 1355 595 venisset,

198 616 244 680 sio
274 620 311 680 ut
339 617 533 681 scriberetur
560 619 640 681 seiae
666 620 858 700 sponsionem
884 618 969 698 {icrei
996 617 1145 681 iudicabit
1170 618 1355 683 iadicarcue

196 723 321 807 iubebit,
353 723 387 787 id
415 721 541 786 defendi
569 743 635 786 non
663 744 758 806 posse
791 727 939 807 recteque
972 721 1189 787 aDirksenio
1219 725 1355 810 neglec-

197 835 266 896 tum
290 852 369 894 esse.

287 937 338 1001 A'd
358 937 479 1001 formas
500 935 703 1020 singularum
723 935 906 999 litterarum
923 934 1164 1021 quodattinet,
1187 938 1271 1003 illud
1297 939 1354 1003 ad-

198 1067 328 1110 monere
352 1042 533 1127 supersedi,
563 1042 594 1107 G
616 1043 761 1107 litteram
789 1042 823 1106 in
850 1040 912 1106 hac
934 1042 1096 1125 lege‘non
1121 1044 1353 1128 magisquam

198 1152 231 1217 in
254 1152 343 1216 illius
368 1151 485 1216 aetatis
511 1149 593 1233 aliis,
616 1150 705 1214 velut
723 1150 758 1213 in
776 1148 859 1213 Iulia
877 1149 1080 1233 municipali,
1103 1150 1196 1233 plene
1219 1154 1254 1215 et
1278 1152 1354 1216 dili·

198 1263 314 1345 genter
336 1257 561 1341 consignatam
585 1279 665 1340 esse,
689 1256 743 1321 sed
766 1257 956 1340 plerumque
979 1256 1026 1320 ita
1050 1257 1205 1339 scriptam
1229 1259 1268 1321 ut
1288 1259 1358 1323 αθ

199 1367 307 1430 littera
331 1368 387 1429 aut
405 1363 488 1428 nihil
507 1368 564 1427 aut
583 1364 636 1427 vix
655 1363 826 1447 quicquam
846 1361 980 1428 differat.
1001 1401 1042 1408 -
1062 1362 1233 1428 Postremo
1250 1364 1354 1448 quod,

198 1472 254 1536 ubi
284 1470 579 1535 Innnm‘vnonnm
615 1469 907 1535 D1scnn1nnrmu
945 1468 1124 1553 composui,
1160 1473 1355 1536 constanter

196 1579 353 1642 lemmata
384 1577 591 1661 praescripsi,
624 1598 661 1640 eo
694 1575 757 1639 feci
787 1579 836 1658 ut,
869 1576 945 1660 quid
974 1598 1100 1660 quoque
1132 1576 1204 1641 loco
1232 1598 1354 1662 reapse

198 1687 324 1749 exstare
354 1685 388 1748 in
417 1705 489 1747 aere
519 1683 694 1766 videretur,
727 1682 890 1766 probabili
920 1683 1105 1765 opinatione
1138 1681 1353 1749 declararem.

200 1793 326 1876 Quippe
358 1792 391 1856 in
425 1791 554 1875 punct-is
583 1790 788 1874 potissimum
822 1789 975 1853 addendis
1008 1812 1072 1853 non
1105 1812 1144 1853 ea
1175 1789 1355 1876 diligentia

200 1900 344 1983 sculptor
367 1898 430 1962 fuit
454 1898 532 1982 quin
557 1919 666 1981 saepe,
690 1901 797 1961 utrum
818 1897 955 1961 discreta
977 1920 1016 1961 an
1041 1897 1151 1961 iuncta
1175 1919 1245 1961 esse
1269 1897 1354 1963 bina

200 2007 357 2071 vocabula
380 2005 531 2087 voluerit,
554 2005 587 2067 iu
614 2004 767 2089 ambiguo
791 2003 965 2087 reliquerit.

289 2559 361 2638 [His
386 2563 595 2639 subiungenda
618 2568 688 2621 sunt
711 2581 787 2638 qirae
811 2562 912 2637 paullo
936 2565 1004 2637 post
1024 2561 1135 2621 editum
1154 2581 1352 2637 programma

198 2670 398 2729 academicum
427 2669 608 2728 Ititsohclius
637 2669 732 2728 Musei
755 2670 892 2728 Rhenani
920 2670 977 2728 vol.
998 2668 1072 2727 VIII
1094 2690 1122 2744 p.
1143 2670 1206 2728 298
1223 2687 1287 2744 sqq.
1320 2672 1351 2729 et

199 2778 263 2834 448
280 2794 341 2850 sqq.
366 2775 542 2850 disputavit.
588 2775 619 2833 C.
638 2774 700 2850 W.]

761 2983 786 3047 Ι.

457 3104 626 3189 Siromps
655 3108 692 3171 in
721 3106 786 3171 dor
812 3109 873 3172 lex
903 3109 1094 3192 Rubria.*)

147 3318 186 3357 sos
290 3284 327 3347 In
352 3284 424 3348 dem
449 3285 651 3349 Rubrisohon
675 3285 790 3350 Gesetz
813 3286 865 3350 fiir
889 3287 946 3350 das
970 3286 1198 3370 cisalpinische
1215 3284 1347 3351 Gallico

200 3391 303 3455 heisst
326 3414 359 3456 es
383 3392 418 3455 iu
442 3392 498 3456 der
520 3392 654 3456 zwciten
679 3391 834 3457 Columne
859 3392 891 3456 Z.
915 3394 967 3456 10:
992 3392 1077 3457 ‘tum
1101 3393 1139 3457 de
1164 3415 1217 3475 eo,
1240 3417 1261 3458 a
1284 3416 1349 3478 quo

201 3520 238 3560 ea
261 3499 398 3581 pecunia
420 3499 542 3582 petcita
565 3500 640 3581 orii,
671 3499 772 3582 deque
801 3521 839 3563 co
863 3500 938 3582 quoi
962 3521 1032 3564 eum
1061 3500 1233 3583 pecuniam
1262 3499 1352 3565 darei

200 3606 359 3687 oportebit,
383 3623 490 3670 suns
506 3642 511 3652 ·
527 3624 595 3669 unx
611 3641 616 3652 ·
631 3623 686 3670 ivs
702 3641 708 3652 ·
724 3622 924 3682 oavssnova
941 3642 946 3652 ·
963 3625 984 3670 o
1001 3624 1089 3670 ·o·n
1100 3642 1105 3654 ·
1118 3624 1221 3670 asso·
1251 3612 1350 3693 atque

200 3712 268 3775 utei
292 3716 377 3776 esset
401 3733 510 3775 csseuc
535 3715 700 3795 oporteret
724 3712 769 3775 sei
793 3711 833 3776 is'
862 3716 935 3794 etc,
969 3714 1031 3776 und
1061 3712 1093 3777 Z.
1113 3714 1169 3778 40:
1203 3711 1286 3779 ‘tum
1310 3716 1349 3781 de

201 3839 248 3900 ec,
272 3840 291 3882 a
314 3839 377 3902 quo
402 3840 439 3881 ea
462 3840 512 3881 ros
537 3818 582 3881 ita
606 3822 732 3900 petetur
755 3841 892 3902 quemue
917 3842 954 3883 eo
977 3820 1013 3883 dc
1036 3842 1074 3884 eo
1097 3842 1129 3884 rc
1151 3822 1199 3884 ita
1224 3824 1351 3908 agetur,

144 3920 159 3947 ⁶
203 3923 303 4008 deque
326 3947 364 3989 eo
388 3924 464 4007 quoi
489 3945 559 3987 eam
583 3947 650 3987 rem
674 3925 866 3989 dormiisset
888 3929 1057 4008 pracstnrei
1080 3927 1207 3991 restitui
1227 3929 1350 3993 satisne

201 4030 237 4093 dc
261 4052 299 4093 ca
322 4054 353 4094 rc
375 4031 465 4094 fierei
494 4031 668 4114 oportebit,
703 4029 1226 4107 multimodo-lon-
1251 4038 1351 4119 atque

201 4136 266 4198 utci
290 4134 387 4199 esset’
412 4140 470 4201 otc.
515 4136 682 4202 Nacbdem
707 4137 758 4202 die
781 4138 1009 4203 italiiiniscben
1033 4138 1259 4223 Herausgeber
1282 4141 1350 4205 die-

291 4361 315 4431 *l
337 4363 447 4432 [iiheiu.
468 4364 594 4418 nussum
613 4365 630 4418 r.
651 4365 750 4419 omn.
771 4365 820 4418 uu.
836 4365 900 4419 vui
919 4368 1010 4436 (ion)
1029 4384 1056 4435 p.
1071 4368 1235 4439 sos-eos]
1338 4324 1344 4331 ¹
