3074 5138
380 437 663 489 oassnvs‘rronss
687 439 956 488 amessemcsn.
1176 427 1241 490 435

78 570 177 637 Halia
211 572 380 645 Saxonum
408 603 491 646 auno
518 583 604 648 1845
636 583 797 667 vulgavit:
834 583 890 648 ubi
919 605 936 646 e
964 583 1110 666 pluribus
1144 606 1241 668 quam

77 681 213 746 duabus
242 683 363 750 tabulis
386 686 550 771 integram
573 688 678 772 legem
702 689 885 754 constitisse
908 688 1042 773 negavit
1062 712 1092 773 p.
1115 691 1154 754 17
1179 689 1241 755 hoc

78 795 286 874 argumento
311 816 397 877 usus,
420 793 506 878 quod
525 795 633 878 plures
653 817 718 861 non
737 797 948 862 admitterent
966 796 1149 862 necessaria
1168 819 1240 880 sup-

77 895 256 978 plementa
279 899 536 996 exordiitribus
560 903 707 967 versibus
735 902 848 987 primis
872 901 1103 986 comprehensi.
1149 900 1240 977 Quod

76 1005 113 1065 ut
136 1003 245 1088 quale
269 1009 357 1069 esset
378 1008 496 1072 rectius
520 991 775 1094 existimassem,
801 1009 864 1074 hoc
885 1010 994 1093 ipsum
1017 1008 1182 1074 exordium
1207 1009 1241 1074 in

75 1109 214 1175 adiecta
240 1111 357 1178 tabula
379 1115 438 1178 sub
457 1115 489 1178 A
512 1115 578 1180 tale
601 1115 915 1199 repraesentavimus
940 1116 1035 1200 quale
1057 1137 1169 1181 revera
1192 1121 1242 1180 est

75 1216 108 1280 in
143 1239 230 1281 aere
262 1240 348 1282 nunc
380 1219 597 1304 Neapolitano
630 1222 733 1286 musei
766 1219 955 1286 Borbouici:
992 1222 1241 1308 haudquaquam

75 1325 167 1388 enim
189 1325 232 1388 in
250 1324 459 1409 disponendis
479 1326 599 1391 litteris
618 1328 864 1413 litterarumque
879 1327 1004 1412 spatiis,
1027 1328 1110 1394 unde
1129 1329 1163 1393 iu
1179 1328 1241 1393 hac

75 1451 199 1494 caussa
229 1431 383 1496 iudicium
407 1455 502 1498 omne
525 1434 652 1518 pendet,
675 1434 771 1500 fidem
791 1435 959 1528 archetypi
982 1435 1034 1498 vel
1049 1433 1152 1499 Aldus
1171 1432 1241 1498 Ma·

75 1537 194 1600 nunus
226 1537 380 1623 Oxthogr.
407 1544 468 1605 rat.
496 1563 526 1624 p.
545 1541 609 1605 407
630 1562 699 1625 sqq.
726 1541 779 1606 vel
803 1538 945 1604 Smetius
973 1540 1033 1604 rcl'
1055 1540 1115 1606 hos
1139 1540 1241 1605 secuti

77 1641 229 1727 Carolus
248 1643 402 1729 Sigonius
427 1646 466 1710 de
489 1651 555 1713 ant.
578 1647 647 1712 iure
666 1670 756 1732 prov.
775 1647 804 1731 I,
827 1649 868 1712 10
890 1646 1087 1731 Fulviusque
1102 1645 1240 1711 Vrsinus

76 1749 156 1815 Not.
183 1750 233 1815 ad
257 1753 320 1838 leg.
345 1757 377 1816 et
401 1752 432 1818 S.
456 1751 491 1820 O.
514 1755 580 1820 tab.
599 1753 663 1819 XV
686 1777 758 1820 cunr
782 1755 960 1820 editoribus
983 1754 1166 1839 pedisequis
1191 1753 1241 1838 (ut

77 1855 229 1922 Grutero
254 1881 285 1941 p.
303 1857 371 1923 500
389 1858 451 1944 sq.)
480 1862 531 1926 vel
555 1863 649 1926 testis
678 1863 826 1926 oculatus
850 1860 1071 1946 Goettliugius
1095 1882 1240 1926 servare-

50 1968 164 2028 -runt
210 1963 362 2048 Apparet
384 1988 422 2031 ex
445 1988 483 2031 eo
508 1968 654 2052 exemplo
677 1990 805 2033 versum
828 1968 968 2051 primum
989 1969 1084 2052 atque
1103 1967 1241 2031 alterum

76 2093 134 2153 per
158 2075 220 2137 tot
244 2075 328 2156 quot
349 2073 480 2139 fuerunt
503 2075 633 2140 tabulas
657 2075 869 2162 aequabiliter
888 2075 1028 2157 scriptos
1046 2073 1240 2156 pertinuisse

77 2179 117 2242 ab
147 2180 231 2263 ipso
261 2179 357 2268 initio
387 2181 428 2245 ad
456 2203 566 2246 earum
594 2177 701 2246 finem.
746 2180 856 2246 Habet
883 2185 993 2245 autem
1021 2180 1104 2244 alter
1131 2202 1240 2245 versus

76 2287 215 2352 litteras
241 2283 369 2370 septem
392 2290 442 2354 vel
465 2293 539 2381 octo
564 2294 597 2354 et
620 2289 751 2376 viginti:
774 2288 836 2354 hoc
854 2309 988 2353 numero
1007 2292 1045 2351 ut
1063 2296 1120 2352 aut
1137 2286 1240 2370 dupli·
1254 2309 1290 2350 rx

77 2399 151 2458 cato
179 2397 246 2458 aut
270 2393 435 2478 triplicato
459 2401 515 2460 aut
538 2395 786 2480 quadruplicato
818 2416 899 2477 opus
924 2393 968 2458 sit
991 2392 1029 2456 ad
1053 2392 1241 2458 tabularum

78 2503 134 2563 sut
159 2499 311 2564 duarum
334 2505 391 2565 aut
414 2502 511 2566 trium
535 2507 592 2567 aut
615 2505 769 2587 quattuor
791 2522 975 2566 mensuram
999 2497 1240 2582 complendam:

77 2607 214 2689 quando
245 2627 313 2669 non
342 2607 493 2690 aequales
525 2608 611 2673 inter
638 2631 686 2686 se,
724 2607 781 2672 sed
812 2607 903 2672 raris
934 2604 1106 2670 latitudine
1138 2605 1240 2669 fuisse

77 2735 177 2778 nemo
206 2712 274 2777 erit
297 2713 352 2797 qui
376 2714 440 2778 sibi
462 2715 663 2797 persuadeat.
692 2711 763 2778 Iam
781 2735 858 2779 vero
883 2734 965 2796 quae
989 2711 1096 2777 media
1118 2711 1241 2776 fuerint

77 2821 163 2885 inter
201 2820 342 2884 alterius
373 2841 485 2885 versus
518 2841 629 2884 vocem
663 2825 840 2886 extremam
873 2817 1050 2884 PLEBEM
1083 2822 1116 2882 et
1146 2818 1239 2883 initio

77 2927 167 2991 tertii
204 2925 318 3010 posits
346 2924 539 2991 PREIMVS
555 2963 562 2976 ·
576 2923 719 2992 SOIVIT
747 2926 846 2990 verba
879 2925 996 3009 quibos
1028 2925 1240 3009 praescriptio

78 3033 160 3119 legis
190 3031 442 3116 terminabatur,
465 3032 646 3099 certissimo
671 3032 789 3098 indicio
814 3036 967 3097 constans
990 3031 1025 3096 in
1043 3033 1105 3098 hoc
1124 3054 1240 3118 genere

77 3163 155 3206 usus
186 3143 241 3205 est
265 3139 298 3203 et
321 3138 469 3222 legitima
492 3140 699 3205 consuetudo.
741 3137 807 3203 Fac
829 3161 928 3202 unum
953 3137 1053 3202 trisse
1071 3139 1126 3222 qui
1146 3161 1240 3224 roga-

76 3253 125 3312 ret
155 3248 272 3332 legem
302 3244 336 3311 G.
359 3245 575 3310 Fundanium:
610 3247 658 3311 ita
685 3245 827 3311 dubitari
859 3267 924 3310 non
952 3245 1076 3328 patitur
1107 3246 1240 3330 propria

77 3351 336 3434 plebiscitorurn
358 3349 509 3436 formula,
532 3353 610 3436 quin
633 3351 778 3416 insecuta
801 3351 882 3442 hsce
906 3352 984 3416 sint:
1011 3348 1239 3416 oFVNDA-

76 3453 1240 3540 nuiss-O·F·TR·PL·DE·S·S·PLEBEM·10neroyano

72 3566 242 3646 plebesqsoe
268 3565 355 3628 ioure
381 3565 481 3629 sciuit.
527 3566 625 3630 tribas
652 3589 669 3625 a
696 3589 713 3624 s
737 3565 931 3648 principiam
957 3564 1028 3644 fuit.
1068 3585 1129 3644 pro
1158 3565 1239 3627 trihu

76 3695 134 3732 *s
163 3695 182 3730 s
207 3693 227 3730 a
251 3669 634 3738 risumve-Scitin.
677 3671 837 3754 Exemplo
862 3673 957 3734 sunto
981 3668 1032 3732 vel
1051 3667 1159 3752 Sergio
1182 3670 1238 3733 tri-

76 3777 140 3842 bus
168 3779 203 3840 et
229 3776 287 3859 qui
309 3798 369 3860 pro
393 3799 428 3842 ea
453 3779 577 3861 primus
601 3777 733 3843 sciverit
752 3776 869 3860 aliquis
891 3775 925 3854 Q.
939 3775 1061 3839 Fabius
1080 3774 1113 3853 Q.
1130 3775 1163 3855 s,
1187 3776 1238 3838 vel

76 3885 102 3947 si
133 3882 252 3968 paullo
288 3882 437 3967 longiora
467 3885 601 3949 nomina
630 3905 778 3968 quaeres,
815 3905 888 3946 eum
921 3881 1064 3947 Cornelia
1096 3881 1237 3946 sociatus

77 3992 171 4056 velut
205 3987 279 4055 Sea.
309 3989 495 4069 Quinctilius
522 3989 590 4056 Sar.
616 3991 659 4070 tl:
692 3990 819 4054 litteras
851 4009 936 4052 nunc
970 3985 1153 4070 deperditas
1187 3987 1237 4051 vel

75 4095 224 4163 LXXIV
247 4095 387 4160 habebis
411 4097 461 4160 vel
485 4094 645 4162 LXXXV.
691 4095 779 4160 luter
803 4116 883 4178 quos
906 4115 1059 4158 numeros
1084 4094 1237 4177 quoniam

77 4205 183 4270 ferme
209 4201 339 4268 medius
363 4206 413 4267 est
430 4202 500 4287 ipse
520 4203 758 4288 octogenarius,
781 4205 832 4266 ter
849 4204 957 4265 autem
978 4198 1093 4283 viginti
1113 4203 1236 4282 septem

77 4333 245 4376 summam
271 4312 415 4393 aequant
437 4309 531 4374 unius
563 4312 596 4373 et
619 4309 800 4394 octoginta,
833 4326 1030 4391 consequens
1060 4309 1109 4369 est
1131 4309 1168 4369 ut
1191 4307 1236 4372 in·

76 4423 193 4504 tegrae
224 4415 406 4501 legis,non
433 4415 600 4498 pauciores
630 4413 751 4478 fuerint
783 4434 879 4496 quam
912 4415 1066 4496 quattuor
1097 4412 1238 4478 tabulae.

77 4527 170 4594 Neve
199 4523 274 4610 quis
305 4522 345 4586 de
376 4521 460 4586 notis
489 4521 611 4606 cogitet
638 4542 755 4604 quaru-
803 4541 864 4584 usu
891 4519 1050 4604 quaedam
1079 4518 1238 4584 vocabula

966 4627 1023 4676 28*
