3048 5144
305 354 367 418 134
572 368 795 416 uosvnnsrn
819 363 1055 414 errassemus
1080 364 1171 412 τιιιι.

302 536 366 599 quo
394 532 504 578 rursus
534 510 574 575 ad
606 510 833 594 monosyllaba
864 509 1041 574 transitum
1072 511 1124 573 est
1155 507 1258 573 indice
1286 505 1451 592 Oapuensi

263 649 288 688 ιι
302 620 418 707 lapide,
442 618 554 683 obstat
567 617 640 702 ipsa
653 616 688 680 M
705 617 837 682 litterae
856 615 1054 700 suppressio:
1079 615 1178 699 cuius,
1200 637 1273 680 cum
1293 613 1332 679 de
1346 613 1451 679 Mum-

303 727 360 794 mii
383 724 594 810 inscriptione
618 723 876 808 commentabar,
907 746 972 790 non
1000 723 1129 790 novisse
1158 745 1209 790 me
1235 721 1451 788 recentiorem

303 839 421 900 testem
445 855 542 917 quam
563 829 598 896 L.
614 828 775 915 Scipionis
798 827 856 896 On.
874 829 896 894 f.
911 828 968 895 On.
985 852 1016 894 n.
1039 830 1170 896 titulum
1195 829 1342 895 dicebam
1365 829 1451 894 circa

304 965 331 1007 a.
350 939 416 1006 615
440 939 611 1024 scripturn,
641 959 726 1003 nnnc
754 937 853 1002 etiam
882 937 1002 1002 certius
1032 936 1186 1023 intellego
1215 936 1291 1002 anni
1322 935 1453 1001 circiter

304 1049 369 1115 620
392 1048 510 1113 finibus
538 1067 632 1111 usum
659 1044 899 1110 terminandum
929 1067 1008 1110 esse.
1057 1045 1143 1110 Nam
1176 1065 1258 1129 quae
1287 1045 1453 1128 posterior

304 1162 394 1221 aetas
422 1154 569 1238 exempla
596 1152 691 1218 offert
721 1153 817 1238 longe
845 1151 1054 1236 paucissima,
1091 1173 1130 1216 ea
1161 1154 1219 1216 aut
1251 1151 1451 1236 singularem

305 1263 467 1348 quandam
489 1261 649 1326 rationem
672 1258 791 1326 habere
815 1263 873 1325 aut
896 1281 1023 1325 summa
1045 1279 1118 1324 cum
1136 1257 1371 1344 probabilitate
1390 1259 1453 1324 soli

305 1368 519 1452 lapicidarum
548 1368 691 1433 incuriae
722 1367 824 1432 tribui
855 1389 928 1455 cnm
960 1367 1028 1432 illic
1061 1365 1242 1452 significavi
1270 1369 1342 1430 tum
1371 1365 1454 1430 alibi

306 1475 377 1540 aliis
402 1496 453 1539 me
479 1497 711 1559 persuasurum
739 1473 878 1568 confido,
909 1475 966 1540 ubi
994 1473 1151 1558 quaedam
1180 1495 1219 1538 ex
1246 1473 1307 1540 hoc
1335 1493 1454 1558 genere

306 1582 399 1647 valde
423 1581 647 1647 memorabilia
669 1581 777 1647 dedita
801 1604 898 1666 opera
921 1582 1080 1648 tractabo.

235 1771 238 1777 Ι
396 1686 506 1754 Habes
529 1689 633 1774 igitur
659 1688 742 1754 unde
771 1689 809 1754 de
832 1687 957 1755 DONV
984 1707 1042 1773 pro
1066 1686 1225 1753 DONVM
1254 1687 1364 1772 posito
1388 1709 1455 1752 non

307 1795 495 1860 dubitanter
514 1795 635 1863 iudices
655 1793 747 1883 (nam
765 1792 1206 1862 RE·SVA·D1FE[DENS
1224 1794 1346 1880 probos
1365 1793 1454 1858 abla-

146 1923 150 1934 ·
307 1902 392 1968 tiras
412 1925 481 1968 ease
501 1902 668 1969 verissime
687 1908 801 1968 contra
812 1902 1001 1969 Hennenum
1015 1901 1195 1967 Freundius
1210 1901 1336 1967 monuit
1349 1899 1455 1965 Musei

308 2007 387 2092 phil.
410 2008 479 2075 tV
502 2031 533 2093 p.
552 2007 641 2093 605).
692 2009 756 2075 Sed
788 2009 894 2076 minus
925 2011 1023 2076 etiam
1055 2009 1271 2075 dubitationis
1304 2007 1455 2072 relictum

308 2135 378 2178 esse
401 2114 440 2178 de
465 2113 650 2182 DANVNT
679 2116 786 2182 forma
813 2121 907 2202 puto,
938 2139 1034 2201 quam
1066 2115 1273 2200 praecipuam
1305 2135 1456 2180 caussam

307 2221 421 2286 haberi
444 2223 529 2306 volo,
552 2244 609 2288 cur
631 2223 711 2309 ipsis
735 2223 866 2308 septimi
890 2223 1035 2307 sentique
1055 2222 1175 2288 saecnli
1194 2221 1344 2288 confiniis
1360 2219 1455 2286 Sora-

308 2349 386 2392 num
414 2328 547 2394 titulum
575 2329 772 2395 admoveam.
818 2329 880 2406 Qui
908 2330 993 2395 enirn
1021 2335 1109 2414 sunt,
1146 2351 1227 2415 quos
1260 2327 1319 2394 illa
1350 2329 1457 2395 forma

308 2457 385 2500 usos
408 2435 617 2504 noverimne?
653 2435 791 2502 Deciens
816 2437 866 2502 vel
889 2436 1080 2503 duodeciens
1103 2437 1225 2502 danum
1241 2435 1377 2501 Plautus
1402 2459 1458 2521 po-

310 2541 389 2607 suit:
413 2542 464 2606 cui
488 2542 573 2627 quod
597 2544 695 2608 semel
718 2545 797 2608 clane
823 2543 1052 2628 imperativum
1075 2543 1260 2609 tribuerunt
1282 2543 1458 2608 Asinariae

310 2671 339 2712 v.
357 2648 432 2732 671,
454 2648 587 2714 videant
610 2672 671 2735 quo
695 2650 765 2714 iure
787 2649 938 2716 fecerint:
964 2650 1050 2734 quod
1073 2650 1172 2715 etiam
1195 2651 1313 2716 danaus
1335 2649 1459 2715 Heme·

309 2776 370 2819 nus
403 2755 565 2840 ascripsit,
600 2755 708 2820 nescio
741 2778 804 2840 quo
832 2755 866 2822 id
897 2760 1028 2822 auctore
1054 2755 1182 2821 dmerit.
1227 2754 1344 2822 Plauto
1372 2755 1458 2822 Nae-

311 2860 399 2925 vium
423 2859 599 2924 Pacuvium
622 2858 799 2925 Caecilium
823 2861 914 2927 addit
935 2861 1061 2928 Nonius
1085 2885 1116 2946 p.
1134 2862 1191 2927 97:
1222 2863 1306 2928 sexti
1336 2864 1459 2930 saeculi

310 2971 425 3052 poetas
449 2988 571 3047 omnes,
594 2966 719 3033 nullum
742 2969 881 3053 septimi.
921 2969 970 3035 Ne
994 2968 1165 3035 Terentius
1189 2969 1319 3054 quidem
1337 2972 1462 3036 danunt

310 3093 449 3157 nsquam
480 3071 532 3136 vel
564 3071 686 3158 aliquid
714 3073 830 3139 simile.
880 3074 966 3140 Nam
993 3098 1034 3142 ne
1062 3075 1184 3143 similia
1211 3076 1340 3162 quidem
1371 3078 1462 3143 ultra

313 3179 397 3244 sexti
415 3178 495 3243 fines
510 3199 684 3264 progressa
698 3185 781 3246 sunt
809 3180 926 3258 Qualia
941 3182 1042 3248 habes
1059 3184 1228 3266 nequinont
1241 3184 1462 3249 inserinuntur

312 3285 459 3370 Liviana,
468 3287 641 3384 psodinunt
655 3287 799 3352 redinunt
812 3287 963 3355 Enniana
973 3288 1070 3355 Festo
1085 3293 1168 3355 teste
1183 3289 1235 3354 vel
1249 3291 1318 3355 eius
1331 3290 1461 3355 brevia·

312 3399 397 3459 tore:
421 3393 498 3458 item
517 3393 703 3459 Ennianum
725 3394 870 3460 carinare
887 3395 926 3461 de
945 3419 1010 3481 quo
1028 3419 1131 3482 nuper
1151 3399 1263 3481 [supra
1280 3397 1356 3480 p.9]
1378 3395 1463 3462 diri:

312 3499 500 3566 Plautinum
523 3501 729 3585 concinatam,
753 3501 781 3565 si
804 3501 884 3566 fides
909 3503 1072 3570 codicibus
1096 3503 1285 3568 Aululariae
1308 3501 1368 3587 ΠΙ,
1392 3503 1422 3588 1,
1441 3505 1462 3569 3

302 3612 346 3690 ¹et
368 3605 520 3672 Pseuduli
544 3607 624 3690 853,
655 3608 712 3672 nbi
740 3609 927 3690 nequitatem
954 3610 1073 3696 legisse
1095 3608 1213 3674 Festus
1236 3631 1267 3694 p.
1286 3610 1327 3675 61
1358 3609 1464 3675 videri

312 3717 431 3800 potest.
462 3711 532 3778 Nec
555 3711 606 3776 vel
628 3713 761 3797 probari
784 3713 836 3778 vel
860 3735 933 3779 cnm
953 3715 1062 3799 aliqua
1081 3715 1187 3800 specie
1208 3715 1355 3781 veniatis
1374 3717 1466 3782 credi

313 3823 436 3906 potest,
459 3839 524 3884 non
549 3817 692 3884 eiusdem
716 3819 834 3884 aetatis
858 3825 965 3886 cetera
987 3843 1058 3887 esse
1083 3821 1151 3886 sine
1172 3821 1370 3888 testimoniis
1389 3845 1465 3889 auc·

314 3935 423 3994 torum
451 3949 470 3992 a
492 3923 590 3990 Festo
618 3925 666 3990 vel
690 3947 708 3989 e
731 3924 828 3992 Festo
858 3931 1020 4011 excerpta:
1050 3927 1215 4010 asplenunt
1236 3929 1366 3994 obinnnt
1385 3929 1465 4010 feri-

313 4040 394 4100 nunt
414 4033 560 4098 solinunt.
596 4030 683 4096 Nam
706 4033 869 4098 communi
891 4031 972 4099 haec
995 4033 1106 4100 omnia
1124 4034 1195 4119 lege
1213 4023 1276 4099 bac
1294 4040 1465 4120 reguntur,

314 4142 400 4227 quod
423 4161 443 4203 a
464 4136 639 4221 primitivis
663 4139 835 4204 verborum
863 4139 977 4205 formis
1005 4140 1225 4225 productiores
1254 4141 1362 4208 factae
1386 4147 1466 4208 sunt

315 4246 462 4312 immissa
487 4244 524 4307 in
546 4243 689 4328 syllaba,
721 4243 777 4310 sed
804 4265 843 4310 aa
870 4245 999 4311 brevem
1026 4247 1171 4312 vocalem
1198 4269 1263 4314 non
1291 4247 1399 4314 minus
1429 4249 1463 4314 in

316 4353 616 4454 ..affluas
639 4383 853 4440 nncmnonn
876 4382 933 4440 um
957 4383 987 4439 in
1011 4385 1060 4442 so.
1079 4387 1114 4443 se
1137 4385 1358 4445 aminaea
1381 4388 1461 4460 ngr

316 4475 344 4534 o.
359 4473 416 4546 ιιι]
