<?xml version="1.0" encoding="UTF-8"?>
<!DOCTYPE html PUBLIC "-//W3C//DTD XHTML 1.0 Transitional//EN"
    "http://www.w3.org/TR/xhtml1/DTD/xhtml1-transitional.dtd">
<html xmlns="http://www.w3.org/1999/xhtml" xml:lang="en" lang="en">
 <head>
  <title>
</title>
<meta http-equiv="Content-Type" content="text/html;charset=utf-8" />
  <meta name='ocr-system' content='tesseract 3.04.00' />
  <meta name='ocr-capabilities' content='ocr_page ocr_carea ocr_par ocr_line ocrx_word'/>
</head>
<body>
  <div class='ocr_page' id='page_1' title='image "./fridericiritsch03wachgoog/fridericiritsch03wachgoog_0152.png"; bbox 0 0 3048 5144; ppageno 0'>
   <div class='ocr_carea' id='block_1_1' title="bbox 400 381 1201 446">
    <p class='ocr_par' dir='ltr' id='par_1_1' title="bbox 400 381 1201 446">
     <span class='ocr_line' id='line_1_1' title="bbox 400 381 1201 446; baseline 0.002 -2"><span class='ocrx_word' id='word_1_1' title='bbox 400 398 588 446; x_wconf 75' lang='lat' dir='ltr'>mmrmuvu</span> <span class='ocrx_word' id='word_1_2' title='bbox 612 397 864 446; x_wconf 70' lang='lat' dir='ltr'>Poplnnlnnvn.</span> <span class='ocrx_word' id='word_1_3' title='bbox 1139 381 1201 446; x_wconf 71' lang='lat'>127</span> 
     </span>
    </p>
   </div>
   <div class='ocr_carea' id='block_1_2' title="bbox 90 539 1304 3947">
    <p class='ocr_par' dir='ltr' id='par_1_2' title="bbox 90 539 1292 2438">
     <span class='ocr_line' id='line_1_2' title="bbox 93 539 1204 627; baseline 0 -21"><span class='ocrx_word' id='word_1_4' title='bbox 93 543 182 607; x_wconf 73' lang='lat' dir='ltr'>aaa</span> <span class='ocrx_word' id='word_1_5' title='bbox 200 542 265 627; x_wconf 82' lang='lat' dir='ltr'>CL,</span> <span class='ocrx_word' id='word_1_6' title='bbox 290 542 359 608; x_wconf 74' lang='lat' dir='ltr'>treet</span> <span class='ocrx_word' id='word_1_7' title='bbox 379 562 443 606; x_wconf 81' lang='lat' dir='ltr'>aaa</span> <span class='ocrx_word' id='word_1_8' title='bbox 464 546 616 625; x_wconf 78' lang='lat' dir='ltr'>appareat</span> <span class='ocrx_word' id='word_1_9' title='bbox 635 541 672 606; x_wconf 83' lang='lat' dir='ltr'>ia</span> <span class='ocrx_word' id='word_1_10' title='bbox 693 539 917 623; x_wconf 75' lang='lat' dir='ltr'>Iusere’ptiane;</span> <span class='ocrx_word' id='word_1_11' title='bbox 948 541 1019 622; x_wconf 72' lang='lat' dir='ltr'>[tert</span> <span class='ocrx_word' id='word_1_12' title='bbox 1035 545 1146 626; x_wconf 82' lang='lat' dir='ltr'>potest,</span> <span class='ocrx_word' id='word_1_13' title='bbox 1169 546 1204 606; x_wconf 85' lang='lat' dir='ltr'>at</span> 
     </span>
     <span class='ocr_line' id='line_1_3' title="bbox 92 631 1292 732; baseline 0 -18"><span class='ocrx_word' id='word_1_14' title='bbox 92 669 173 714; x_wconf 81' lang='grc' dir='ltr'><strong>ιιιιιιι</strong></span> <span class='ocrx_word' id='word_1_15' title='bbox 199 652 262 714; x_wconf 82' lang='lat' dir='ltr'>eius</span> <span class='ocrx_word' id='word_1_16' title='bbox 293 649 404 714; x_wconf 74' lang='lat' dir='ltr'>titteris</span> <span class='ocrx_word' id='word_1_17' title='bbox 427 648 648 732; x_wconf 72' lang='lat' dir='ltr'>praedantes</span> <span class='ocrx_word' id='word_1_18' title='bbox 677 649 714 712; x_wconf 83' lang='lat' dir='ltr'>ia</span> <span class='ocrx_word' id='word_1_19' title='bbox 740 648 804 712; x_wconf 81' lang='lat' dir='ltr'>alio</span> <span class='ocrx_word' id='word_1_20' title='bbox 831 667 985 713; x_wconf 85' lang='lat' dir='ltr'>marmore</span> <span class='ocrx_word' id='word_1_21' title='bbox 1014 649 1203 731; x_wconf 60' lang='lat' dir='ltr'>caementum</span> <span class='ocrx_word' id='word_1_22' title='bbox 1283 631 1292 648; x_wconf 63' lang='lat'><strong><em>⁹</em></strong></span> 
     </span>
     <span class='ocr_line' id='line_1_4' title="bbox 90 753 1202 840; baseline 0.003 -20"><span class='ocrx_word' id='word_1_23' title='bbox 90 756 160 836; x_wconf 72' lang='lat' dir='ltr'>suerit</span> <span class='ocrx_word' id='word_1_24' title='bbox 176 761 201 822; x_wconf 87' lang='lat' dir='ltr'>et</span> <span class='ocrx_word' id='word_1_25' title='bbox 220 757 290 822; x_wconf 69' lang='lat' dir='ltr'>troie</span> <span class='ocrx_word' id='word_1_26' title='bbox 311 754 603 839; x_wconf 67' lang='lat' dir='ltr'>superimpositam?</span> <span class='ocrx_word' id='word_1_27' title='bbox 637 754 708 820; x_wconf 90' lang='lat' dir='ltr'>Hoc</span> <span class='ocrx_word' id='word_1_28' title='bbox 731 753 869 840; x_wconf 89' lang='lat' dir='ltr'>quidem,</span> <span class='ocrx_word' id='word_1_29' title='bbox 892 754 978 839; x_wconf 88' lang='lat' dir='ltr'>quod</span> <span class='ocrx_word' id='word_1_30' title='bbox 996 756 1111 823; x_wconf 90' lang='lat' dir='ltr'>ultimo</span> <span class='ocrx_word' id='word_1_31' title='bbox 1131 758 1202 823; x_wconf 93' lang='lat' dir='ltr'>loco</span> 
     </span>
     <span class='ocr_line' id='line_1_5' title="bbox 91 859 1202 949; baseline 0.003 -23"><span class='ocrx_word' id='word_1_32' title='bbox 91 861 160 946; x_wconf 80' lang='lat' dir='ltr'>dixit,</span> <span class='ocrx_word' id='word_1_33' title='bbox 184 863 261 928; x_wconf 82' lang='lat' dir='ltr'>satis</span> <span class='ocrx_word' id='word_1_34' title='bbox 283 863 513 948; x_wconf 79' lang='lat' dir='ltr'>probabiliter,</span> <span class='ocrx_word' id='word_1_35' title='bbox 537 861 711 946; x_wconf 86' lang='lat' dir='ltr'>eademque</span> <span class='ocrx_word' id='word_1_36' title='bbox 733 859 929 926; x_wconf 85' lang='lat' dir='ltr'>Mommseni</span> <span class='ocrx_word' id='word_1_37' title='bbox 953 863 1115 928; x_wconf 88' lang='lat' dir='ltr'>sententia</span> <span class='ocrx_word' id='word_1_38' title='bbox 1138 867 1202 949; x_wconf 82' lang='lat' dir='ltr'>est3</span> 
     </span>
     <span class='ocr_line' id='line_1_6' title="bbox 92 967 1203 1058; baseline 0.004 -25"><span class='ocrx_word' id='word_1_39' title='bbox 92 970 185 1054; x_wconf 86' lang='lat' dir='ltr'>reliqua</span> <span class='ocrx_word' id='word_1_40' title='bbox 204 971 263 1036; x_wconf 93' lang='lat' dir='ltr'>hoc</span> <span class='ocrx_word' id='word_1_41' title='bbox 290 971 490 1056; x_wconf 84' lang='lat' dir='ltr'>perversius,</span> <span class='ocrx_word' id='word_1_42' title='bbox 520 969 605 1053; x_wconf 91' lang='lat' dir='ltr'>quod</span> <span class='ocrx_word' id='word_1_43' title='bbox 632 990 673 1032; x_wconf 89' lang='lat' dir='ltr'>ne</span> <span class='ocrx_word' id='word_1_44' title='bbox 702 967 765 1034; x_wconf 83' lang='lat' dir='ltr'>fuit</span> <span class='ocrx_word' id='word_1_45' title='bbox 787 968 921 1053; x_wconf 28' lang='lat' dir='ltr'>‘quidem</span> <span class='ocrx_word' id='word_1_46' title='bbox 945 967 1057 1036; x_wconf 83' lang='lat' dir='ltr'>Gallus</span> <span class='ocrx_word' id='word_1_47' title='bbox 1085 993 1203 1058; x_wconf 81' lang='lat' dir='ltr'>cogno·</span> 
     </span>
     <span class='ocr_line' id='line_1_7' title="bbox 90 1074 1203 1163; baseline 0.004 -24"><span class='ocrx_word' id='word_1_48' title='bbox 90 1075 155 1142; x_wconf 89' lang='lat' dir='ltr'>mine</span> <span class='ocrx_word' id='word_1_49' title='bbox 170 1075 216 1142; x_wconf 84' lang='grc' dir='ltr'>Μ’.</span> <span class='ocrx_word' id='word_1_50' title='bbox 230 1077 391 1163; x_wconf 74' lang='lat' dir='ltr'>Aquillius</span> <span class='ocrx_word' id='word_1_51' title='bbox 414 1077 479 1161; x_wconf 89' lang='lat' dir='ltr'>illc,</span> <span class='ocrx_word' id='word_1_52' title='bbox 502 1098 575 1141; x_wconf 92' lang='lat' dir='ltr'>cum</span> <span class='ocrx_word' id='word_1_53' title='bbox 594 1074 629 1142; x_wconf 83' lang='lat' dir='ltr'>O.</span> <span class='ocrx_word' id='word_1_54' title='bbox 643 1074 749 1141; x_wconf 88' lang='lat' dir='ltr'>Mario</span> <span class='ocrx_word' id='word_1_55' title='bbox 774 1077 886 1142; x_wconf 83' lang='lat' dir='ltr'>consul</span> <span class='ocrx_word' id='word_1_56' title='bbox 910 1077 1085 1162; x_wconf 71' lang='lat' dir='ltr'>annosae,</span> <span class='ocrx_word' id='word_1_57' title='bbox 1108 1099 1203 1162; x_wconf 89' lang='lat' dir='ltr'>quem</span> 
     </span>
     <span class='ocr_line' id='line_1_8' title="bbox 90 1181 1204 1269; baseline 0.001 -21"><span class='ocrx_word' id='word_1_58' title='bbox 90 1185 280 1264; x_wconf 83' lang='lat' dir='ltr'>proconsulem</span> <span class='ocrx_word' id='word_1_59' title='bbox 303 1185 339 1250; x_wconf 92' lang='lat' dir='ltr'>in</span> <span class='ocrx_word' id='word_1_60' title='bbox 356 1181 469 1250; x_wconf 83' lang='lat' dir='ltr'>Sicilia</span> <span class='ocrx_word' id='word_1_61' title='bbox 487 1184 610 1250; x_wconf 91' lang='lat' dir='ltr'>bellum</span> <span class='ocrx_word' id='word_1_62' title='bbox 630 1183 746 1248; x_wconf 85' lang='lat' dir='ltr'>servile</span> <span class='ocrx_word' id='word_1_63' title='bbox 765 1183 941 1250; x_wconf 80' lang='lat' dir='ltr'>confecisse</span> <span class='ocrx_word' id='word_1_64' title='bbox 956 1182 1041 1250; x_wconf 81' lang='lat' dir='ltr'>Livii</span> <span class='ocrx_word' id='word_1_65' title='bbox 1064 1184 1204 1269; x_wconf 87' lang='lat' dir='ltr'>epitome</span> 
     </span>
     <span class='ocr_line' id='line_1_9' title="bbox 90 1289 1203 1375; baseline 0.003 -20"><span class='ocrx_word' id='word_1_66' title='bbox 90 1295 199 1356; x_wconf 76' lang='lat' dir='ltr'>testatum</span> <span class='ocrx_word' id='word_1_67' title='bbox 219 1292 239 1356; x_wconf 94' lang='lat' dir='ltr'>l.</span> <span class='ocrx_word' id='word_1_68' title='bbox 261 1290 382 1358; x_wconf 82' lang='lat' dir='ltr'>LXIX:</span> <span class='ocrx_word' id='word_1_69' title='bbox 411 1292 445 1356; x_wconf 90' lang='lat' dir='ltr'>id</span> <span class='ocrx_word' id='word_1_70' title='bbox 469 1291 554 1375; x_wconf 92' lang='lat' dir='ltr'>quod</span> <span class='ocrx_word' id='word_1_71' title='bbox 578 1289 731 1356; x_wconf 81' lang='lat' dir='ltr'>Gozaium</span> <span class='ocrx_word' id='word_1_72' title='bbox 754 1293 791 1355; x_wconf 92' lang='lat' dir='ltr'>ut</span> <span class='ocrx_word' id='word_1_73' title='bbox 814 1289 878 1355; x_wconf 89' lang='lat' dir='ltr'>sibi</span> <span class='ocrx_word' id='word_1_74' title='bbox 905 1291 1114 1375; x_wconf 84' lang='lat' dir='ltr'>persuaderet</span> <span class='ocrx_word' id='word_1_75' title='bbox 1137 1314 1203 1358; x_wconf 91' lang='lat' dir='ltr'>mo-</span> 
     </span>
     <span class='ocr_line' id='line_1_10' title="bbox 91 1395 1205 1482; baseline 0.004 -22"><span class='ocrx_word' id='word_1_76' title='bbox 91 1395 154 1463; x_wconf 81' lang='lat' dir='ltr'>risse</span> <span class='ocrx_word' id='word_1_77' title='bbox 173 1399 293 1465; x_wconf 82' lang='lat' dir='ltr'>ridetur</span> <span class='ocrx_word' id='word_1_78' title='bbox 319 1399 442 1466; x_wconf 91' lang='lat' dir='ltr'>nobilis</span> <span class='ocrx_word' id='word_1_79' title='bbox 466 1397 528 1463; x_wconf 88' lang='lat' dir='ltr'>Icti</span> <span class='ocrx_word' id='word_1_80' title='bbox 552 1402 585 1462; x_wconf 88' lang='lat' dir='ltr'>et</span> <span class='ocrx_word' id='word_1_81' title='bbox 607 1397 747 1464; x_wconf 87' lang='lat' dir='ltr'>oratoris</span> <span class='ocrx_word' id='word_1_82' title='bbox 771 1396 805 1463; x_wconf 81' lang='lat' dir='ltr'>O.</span> <span class='ocrx_word' id='word_1_83' title='bbox 825 1397 964 1482; x_wconf 83' lang='lat' dir='ltr'>Aquillii</span> <span class='ocrx_word' id='word_1_84' title='bbox 987 1397 1076 1464; x_wconf 83' lang='lat' dir='ltr'>Galli</span> <span class='ocrx_word' id='word_1_85' title='bbox 1102 1420 1205 1464; x_wconf 88' lang='lat' dir='ltr'>recor-</span> 
     </span>
     <span class='ocr_line' id='line_1_11' title="bbox 90 1502 1204 1591; baseline 0.002 -23"><span class='ocrx_word' id='word_1_86' title='bbox 90 1502 168 1590; x_wconf 81' lang='lat' dir='ltr'>datio,</span> <span class='ocrx_word' id='word_1_87' title='bbox 196 1503 354 1572; x_wconf 83' lang='lat' dir='ltr'>Ciceronis</span> <span class='ocrx_word' id='word_1_88' title='bbox 382 1506 417 1572; x_wconf 91' lang='lat' dir='ltr'>in</span> <span class='ocrx_word' id='word_1_89' title='bbox 444 1509 598 1591; x_wconf 87' lang='lat' dir='ltr'>praetura</span> <span class='ocrx_word' id='word_1_90' title='bbox 625 1505 779 1591; x_wconf 82' lang='lat' dir='ltr'>conlegae</span> <span class='ocrx_word' id='word_1_91' title='bbox 808 1509 905 1590; x_wconf 87' lang='lat' dir='ltr'>atque</span> <span class='ocrx_word' id='word_1_92' title='bbox 928 1504 1108 1572; x_wconf 87' lang='lat' dir='ltr'>familiaris.</span> <span class='ocrx_word' id='word_1_93' title='bbox 1153 1507 1204 1570; x_wconf 86' lang='lat' dir='ltr'>Ad</span> 
     </span>
     <span class='ocr_line' id='line_1_12' title="bbox 90 1610 1203 1680; baseline 0.003 -6"><span class='ocrx_word' id='word_1_94' title='bbox 90 1610 187 1677; x_wconf 84' lang='lat' dir='ltr'>bellum</span> <span class='ocrx_word' id='word_1_95' title='bbox 208 1619 312 1680; x_wconf 85' lang='lat' dir='ltr'>sutem</span> <span class='ocrx_word' id='word_1_96' title='bbox 336 1613 452 1679; x_wconf 84' lang='lat' dir='ltr'>servile</span> <span class='ocrx_word' id='word_1_97' title='bbox 471 1615 722 1680; x_wconf 86' lang='lat' dir='ltr'>consentaneum</span> <span class='ocrx_word' id='word_1_98' title='bbox 741 1617 812 1679; x_wconf 88' lang='lat' dir='ltr'>erat</span> <span class='ocrx_word' id='word_1_99' title='bbox 830 1635 906 1678; x_wconf 87' lang='lat' dir='ltr'>sane</span> <span class='ocrx_word' id='word_1_100' title='bbox 926 1613 994 1678; x_wconf 90' lang='lat' dir='ltr'>eius</span> <span class='ocrx_word' id='word_1_101' title='bbox 1015 1613 1203 1678; x_wconf 87' lang='lat' dir='ltr'>memoriam</span> 
     </span>
     <span class='ocr_line' id='line_1_13' title="bbox 90 1717 1203 1806; baseline 0.004 -26"><span class='ocrx_word' id='word_1_102' title='bbox 90 1717 191 1804; x_wconf 83' lang='lat' dir='ltr'>referre,</span> <span class='ocrx_word' id='word_1_103' title='bbox 216 1721 268 1805; x_wconf 89' lang='lat' dir='ltr'>qui</span> <span class='ocrx_word' id='word_1_104' title='bbox 295 1721 335 1785; x_wconf 93' lang='lat' dir='ltr'>in</span> <span class='ocrx_word' id='word_1_105' title='bbox 358 1720 498 1787; x_wconf 86' lang='lat' dir='ltr'>Sicilia</span> <span class='ocrx_word' id='word_1_106' title='bbox 528 1719 722 1806; x_wconf 82' lang='lat' dir='ltr'>fugitivos</span> <span class='ocrx_word' id='word_1_107' title='bbox 749 1719 979 1786; x_wconf 90' lang='lat' dir='ltr'>Italicorum</span> <span class='ocrx_word' id='word_1_108' title='bbox 1008 1719 1203 1805; x_wconf 85' lang='lat' dir='ltr'>conquisi-</span> 
     </span>
     <span class='ocr_line' id='line_1_14' title="bbox 91 1824 1204 1912; baseline 0.004 -25"><span class='ocrx_word' id='word_1_109' title='bbox 91 1824 172 1889; x_wconf 78' lang='lat' dir='ltr'>visse</span> <span class='ocrx_word' id='word_1_110' title='bbox 198 1826 492 1912; x_wconf 85' lang='lat' dir='ltr'>reddidisseque</span> <span class='ocrx_word' id='word_1_111' title='bbox 521 1825 697 1892; x_wconf 91' lang='lat' dir='ltr'>homines</span> <span class='ocrx_word' id='word_1_112' title='bbox 729 1824 999 1893; x_wconf 81' lang='lat' dir='ltr'>DOOOOXVII</span> <span class='ocrx_word' id='word_1_113' title='bbox 1032 1827 1204 1892; x_wconf 73' lang='lat' dir='ltr'>diceretur:</span> 
     </span>
     <span class='ocr_line' id='line_1_15' title="bbox 92 1931 1204 2019; baseline 0.005 -27"><span class='ocrx_word' id='word_1_114' title='bbox 92 1931 166 1998; x_wconf 90' lang='lat' dir='ltr'>modo</span> <span class='ocrx_word' id='word_1_115' title='bbox 185 1933 261 2000; x_wconf 90' lang='lat' dir='ltr'>illud</span> <span class='ocrx_word' id='word_1_116' title='bbox 279 1933 417 2000; x_wconf 83' lang='lat' dir='ltr'>Gonzius</span> <span class='ocrx_word' id='word_1_117' title='bbox 437 1934 625 2018; x_wconf 84' lang='lat' dir='ltr'>cogitasset,</span> <span class='ocrx_word' id='word_1_118' title='bbox 647 1937 777 2018; x_wconf 88' lang='lat' dir='ltr'>praeter</span> <span class='ocrx_word' id='word_1_119' title='bbox 794 1932 956 2019; x_wconf 89' lang='lat' dir='ltr'>posterius</span> <span class='ocrx_word' id='word_1_120' title='bbox 974 1932 1065 2019; x_wconf 88' lang='lat' dir='ltr'>illud,</span> <span class='ocrx_word' id='word_1_121' title='bbox 1087 1933 1121 2000; x_wconf 91' lang='lat' dir='ltr'>in</span> <span class='ocrx_word' id='word_1_122' title='bbox 1141 1955 1204 2018; x_wconf 93' lang='lat' dir='ltr'>quo</span> 
     </span>
     <span class='ocr_line' id='line_1_16' title="bbox 91 2036 1205 2125; baseline 0.004 -25"><span class='ocrx_word' id='word_1_123' title='bbox 91 2036 200 2122; x_wconf 78' lang='lat' dir='ltr'>Aquillii</span> <span class='ocrx_word' id='word_1_124' title='bbox 229 2044 336 2125; x_wconf 81' lang='lat' dir='ltr'>partes</span> <span class='ocrx_word' id='word_1_125' title='bbox 369 2041 514 2125; x_wconf 79' lang='lat' dir='ltr'>fuerunt,</span> <span class='ocrx_word' id='word_1_126' title='bbox 546 2040 644 2106; x_wconf 86' lang='lat' dir='ltr'>etiam</span> <span class='ocrx_word' id='word_1_127' title='bbox 674 2039 766 2124; x_wconf 89' lang='lat' dir='ltr'>prius</span> <span class='ocrx_word' id='word_1_128' title='bbox 795 2039 897 2104; x_wconf 88' lang='lat' dir='ltr'>fuisse</span> <span class='ocrx_word' id='word_1_129' title='bbox 925 2039 1047 2105; x_wconf 88' lang='lat' dir='ltr'>bellum</span> <span class='ocrx_word' id='word_1_130' title='bbox 1080 2039 1205 2123; x_wconf 78' lang='lat' dir='ltr'>servile,</span> 
     </span>
     <span class='ocr_line' id='line_1_17' title="bbox 92 2145 1205 2232; baseline 0.004 -27"><span class='ocrx_word' id='word_1_131' title='bbox 92 2145 240 2213; x_wconf 83' lang='lat' dir='ltr'>conlectum</span> <span class='ocrx_word' id='word_1_132' title='bbox 271 2149 303 2213; x_wconf 92' lang='lat' dir='ltr'>id</span> <span class='ocrx_word' id='word_1_133' title='bbox 334 2149 464 2232; x_wconf 86' lang='lat' dir='ltr'>quidem</span> <span class='ocrx_word' id='word_1_134' title='bbox 493 2171 578 2214; x_wconf 85' lang='lat' dir='ltr'>enno</span> <span class='ocrx_word' id='word_1_135' title='bbox 607 2149 672 2214; x_wconf 82' lang='lat'>622</span> <span class='ocrx_word' id='word_1_136' title='bbox 700 2169 720 2213; x_wconf 90' lang='lat' dir='ltr'>a</span> <span class='ocrx_word' id='word_1_137' title='bbox 746 2146 781 2212; x_wconf 89' lang='lat' dir='ltr'>P.</span> <span class='ocrx_word' id='word_1_138' title='bbox 804 2145 937 2231; x_wconf 88' lang='lat' dir='ltr'>Rupilio</span> <span class='ocrx_word' id='word_1_139' title='bbox 968 2168 1045 2231; x_wconf 84' lang='lat' dir='ltr'>eos,</span> <span class='ocrx_word' id='word_1_140' title='bbox 1077 2145 1113 2210; x_wconf 93' lang='lat' dir='ltr'>P.</span> <span class='ocrx_word' id='word_1_141' title='bbox 1137 2145 1205 2211; x_wconf 93' lang='lat' dir='ltr'>Po-</span> 
     </span>
     <span class='ocr_line' id='line_1_18' title="bbox 92 2251 1205 2342; baseline 0.003 -28"><span class='ocrx_word' id='word_1_142' title='bbox 92 2251 175 2332; x_wconf 91' lang='lat' dir='ltr'>pillii</span> <span class='ocrx_word' id='word_1_143' title='bbox 195 2253 374 2321; x_wconf 76' lang='lat' dir='ltr'>Laenatis</span> <span class='ocrx_word' id='word_1_144' title='bbox 397 2256 433 2320; x_wconf 92' lang='lat' dir='ltr'>in</span> <span class='ocrx_word' id='word_1_145' title='bbox 453 2257 624 2322; x_wconf 74' lang='lat' dir='ltr'>consulatu</span> <span class='ocrx_word' id='word_1_146' title='bbox 643 2255 793 2342; x_wconf 82' lang='lat' dir='ltr'>conlega,</span> <span class='ocrx_word' id='word_1_147' title='bbox 815 2259 900 2320; x_wconf 88' lang='lat' dir='ltr'>teste</span> <span class='ocrx_word' id='word_1_148' title='bbox 919 2255 1031 2320; x_wconf 89' lang='lat' dir='ltr'>eadem</span> <span class='ocrx_word' id='word_1_149' title='bbox 1048 2253 1107 2318; x_wconf 88' lang='lat' dir='ltr'>illa</span> <span class='ocrx_word' id='word_1_150' title='bbox 1120 2251 1205 2318; x_wconf 85' lang='lat' dir='ltr'>Livii</span> 
     </span>
     <span class='ocr_line' id='line_1_19' title="bbox 92 2359 350 2438; baseline 0.043 -21"><span class='ocrx_word' id='word_1_151' title='bbox 92 2359 203 2438; x_wconf 76' lang='lat' dir='ltr'>epitome</span> <span class='ocrx_word' id='word_1_152' title='bbox 224 2363 244 2426; x_wconf 89' lang='lat' dir='ltr'>l.</span> <span class='ocrx_word' id='word_1_153' title='bbox 266 2362 350 2428; x_wconf 85' lang='lat' dir='ltr'>LIX.</span> 
     </span>
    </p>

    <p class='ocr_par' dir='ltr' id='par_1_3' title="bbox 93 2464 1304 3947">
     <span class='ocr_line' id='line_1_20' title="bbox 158 2464 1205 2555; baseline 0.003 -24"><span class='ocrx_word' id='word_1_154' title='bbox 158 2464 219 2532; x_wconf 85' lang='lat' dir='ltr'>lam</span> <span class='ocrx_word' id='word_1_155' title='bbox 240 2468 312 2533; x_wconf 82' lang='lat' dir='ltr'>ride</span> <span class='ocrx_word' id='word_1_156' title='bbox 335 2467 417 2534; x_wconf 91' lang='lat' dir='ltr'>mihi</span> <span class='ocrx_word' id='word_1_157' title='bbox 440 2492 537 2555; x_wconf 85' lang='lat' dir='ltr'>quarn</span> <span class='ocrx_word' id='word_1_158' title='bbox 561 2469 624 2534; x_wconf 91' lang='lat' dir='ltr'>huc</span> <span class='ocrx_word' id='word_1_159' title='bbox 646 2468 727 2535; x_wconf 89' lang='lat' dir='ltr'>illud</span> <span class='ocrx_word' id='word_1_160' title='bbox 750 2468 895 2554; x_wconf 82' lang='lat' dir='ltr'>quadret,</span> <span class='ocrx_word' id='word_1_161' title='bbox 917 2469 1002 2553; x_wconf 90' lang='lat' dir='ltr'>quod</span> <span class='ocrx_word' id='word_1_162' title='bbox 1023 2491 1061 2534; x_wconf 89' lang='lat' dir='ltr'>eo</span> <span class='ocrx_word' id='word_1_163' title='bbox 1080 2470 1113 2533; x_wconf 96' lang='lat' dir='ltr'>in</span> <span class='ocrx_word' id='word_1_164' title='bbox 1132 2469 1205 2534; x_wconf 91' lang='lat' dir='ltr'>loco</span> 
     </span>
     <span class='ocr_line' id='line_1_21' title="bbox 93 2568 1205 2661; baseline 0.008 -30"><span class='ocrx_word' id='word_1_165' title='bbox 93 2568 133 2634; x_wconf 91' lang='lat' dir='ltr'>ubi</span> <span class='ocrx_word' id='word_1_166' title='bbox 151 2570 235 2639; x_wconf 85' lang='lat' dir='ltr'>hodie</span> <span class='ocrx_word' id='word_1_167' title='bbox 252 2576 316 2640; x_wconf 83' lang='lat' dir='ltr'>sita</span> <span class='ocrx_word' id='word_1_168' title='bbox 334 2580 384 2642; x_wconf 88' lang='lat' dir='ltr'>est</span> <span class='ocrx_word' id='word_1_169' title='bbox 402 2575 527 2660; x_wconf 85' lang='lat' dir='ltr'>Polla,</span> <span class='ocrx_word' id='word_1_170' title='bbox 550 2598 570 2640; x_wconf 88' lang='lat' dir='ltr'>a</span> <span class='ocrx_word' id='word_1_171' title='bbox 589 2597 654 2660; x_wconf 89' lang='lat' dir='ltr'>qua</span> <span class='ocrx_word' id='word_1_172' title='bbox 670 2577 916 2643; x_wconf 69' lang='lat' dir='ltr'>intervallorum</span> <span class='ocrx_word' id='word_1_173' title='bbox 940 2577 975 2640; x_wconf 92' lang='lat' dir='ltr'>in</span> <span class='ocrx_word' id='word_1_174' title='bbox 998 2575 1107 2661; x_wconf 88' lang='lat' dir='ltr'>lapide</span> <span class='ocrx_word' id='word_1_175' title='bbox 1131 2597 1205 2641; x_wconf 90' lang='lat' dir='ltr'>oon-</span> 
     </span>
     <span class='ocr_line' id='line_1_22' title="bbox 94 2676 1207 2770; baseline 0.002 -26"><span class='ocrx_word' id='word_1_176' title='bbox 94 2676 265 2760; x_wconf 75' lang='lat' dir='ltr'>aignstorum</span> <span class='ocrx_word' id='word_1_177' title='bbox 287 2684 384 2749; x_wconf 89' lang='lat' dir='ltr'>initia</span> <span class='ocrx_word' id='word_1_178' title='bbox 406 2683 498 2769; x_wconf 61' lang='lat' dir='ltr'>fiunt,</span> <span class='ocrx_word' id='word_1_179' title='bbox 520 2683 659 2749; x_wconf 83' lang='lat' dir='ltr'>Porum</span> <span class='ocrx_word' id='word_1_180' title='bbox 677 2683 825 2770; x_wconf 87' lang='lat' dir='ltr'>Popilii</span> <span class='ocrx_word' id='word_1_181' title='bbox 849 2685 1027 2750; x_wconf 88' lang='lat' dir='ltr'>collocatur</span> <span class='ocrx_word' id='word_1_182' title='bbox 1044 2683 1078 2747; x_wconf 93' lang='lat' dir='ltr'>in</span> <span class='ocrx_word' id='word_1_183' title='bbox 1092 2682 1207 2747; x_wconf 88' lang='lat' dir='ltr'>tabula</span> 
     </span>
     <span class='ocr_line' id='line_1_23' title="bbox 94 2781 1245 2876; baseline 0.007 -30"><span class='ocrx_word' id='word_1_184' title='bbox 94 2781 309 2874; x_wconf 84' lang='lat' dir='ltr'>Peutiugerana:</span> <span class='ocrx_word' id='word_1_185' title='bbox 333 2791 419 2854; x_wconf 88' lang='lat' dir='ltr'>unde</span> <span class='ocrx_word' id='word_1_186' title='bbox 432 2791 520 2856; x_wconf 85' lang='lat' dir='ltr'>viem</span> <span class='ocrx_word' id='word_1_187' title='bbox 535 2790 727 2876; x_wconf 77' lang='lat' dir='ltr'>Popilium</span> <span class='ocrx_word' id='word_1_188' title='bbox 750 2813 830 2876; x_wconf 84' lang='lat' dir='ltr'>esse,</span> <span class='ocrx_word' id='word_1_189' title='bbox 853 2791 945 2857; x_wconf 92' lang='lat' dir='ltr'>cuius</span> <span class='ocrx_word' id='word_1_190' title='bbox 959 2790 1132 2856; x_wconf 88' lang='lat' dir='ltr'>intervalla</span> <span class='ocrx_word' id='word_1_191' title='bbox 1150 2813 1206 2854; x_wconf 91' lang='lat' dir='ltr'>nu·</span> <span class='ocrx_word' id='word_1_192' title='bbox 1220 2805 1245 2845; x_wconf 72' lang='grc' dir='ltr'>ιι</span> 
     </span>
     <span class='ocr_line' id='line_1_24' title="bbox 95 2896 1204 2985; baseline 0.006 -30"><span class='ocrx_word' id='word_1_193' title='bbox 95 2901 234 2980; x_wconf 86' lang='lat' dir='ltr'>merentur,</span> <span class='ocrx_word' id='word_1_194' title='bbox 248 2896 360 2983; x_wconf 81' lang='lat' dir='ltr'>Capua</span> <span class='ocrx_word' id='word_1_195' title='bbox 374 2897 513 2984; x_wconf 83' lang='lat' dir='ltr'>Regium</span> <span class='ocrx_word' id='word_1_196' title='bbox 528 2898 658 2965; x_wconf 87' lang='lat' dir='ltr'>ductam</span> <span class='ocrx_word' id='word_1_197' title='bbox 673 2921 692 2964; x_wconf 84' lang='lat' dir='ltr'>a</span> <span class='ocrx_word' id='word_1_198' title='bbox 705 2899 834 2985; x_wconf 90' lang='lat' dir='ltr'>Popilio</span> <span class='ocrx_word' id='word_1_199' title='bbox 850 2900 969 2984; x_wconf 87' lang='lat' dir='ltr'>aliquo,</span> <span class='ocrx_word' id='word_1_200' title='bbox 979 2897 1117 2984; x_wconf 87' lang='lat' dir='ltr'>palmari</span> <span class='ocrx_word' id='word_1_201' title='bbox 1132 2919 1204 2962; x_wconf 87' lang='lat' dir='ltr'>con-</span> 
     </span>
     <span class='ocr_line' id='line_1_25' title="bbox 95 2995 1206 3093; baseline 0.005 -29"><span class='ocrx_word' id='word_1_202' title='bbox 95 2995 189 3064; x_wconf 81' lang='lat' dir='ltr'>iectura</span> <span class='ocrx_word' id='word_1_203' title='bbox 204 3001 265 3068; x_wconf 86' lang='lat' dir='ltr'>iam</span> <span class='ocrx_word' id='word_1_204' title='bbox 279 3003 470 3071; x_wconf 85' lang='lat' dir='ltr'>Mannertus</span> <span class='ocrx_word' id='word_1_205' title='bbox 489 3010 655 3072; x_wconf 84' lang='lat' dir='ltr'>assecutus</span> <span class='ocrx_word' id='word_1_206' title='bbox 674 3010 724 3072; x_wconf 91' lang='lat' dir='ltr'>est</span> <span class='ocrx_word' id='word_1_207' title='bbox 738 3005 965 3093; x_wconf 84' lang='lat' dir='ltr'>Geographiae</span> <span class='ocrx_word' id='word_1_208' title='bbox 988 3009 1011 3071; x_wconf 92' lang='lat' dir='ltr'>t.</span> <span class='ocrx_word' id='word_1_209' title='bbox 1025 3003 1071 3070; x_wconf 94' lang='lat' dir='ltr'>IX</span> <span class='ocrx_word' id='word_1_210' title='bbox 1089 3005 1206 3089; x_wconf 67' lang='lat' dir='ltr'>part?</span> 
     </span>
     <span class='ocr_line' id='line_1_26' title="bbox 96 3106 1206 3198; baseline 0.005 -28"><span class='ocrx_word' id='word_1_211' title='bbox 96 3125 117 3186; x_wconf 88' lang='lat' dir='ltr'>p.</span> <span class='ocrx_word' id='word_1_212' title='bbox 130 3106 188 3192; x_wconf 78' lang='lat'>146,</span> <span class='ocrx_word' id='word_1_213' title='bbox 207 3111 318 3174; x_wconf 86' lang='lat' dir='ltr'>merito</span> <span class='ocrx_word' id='word_1_214' title='bbox 343 3113 386 3177; x_wconf 94' lang='lat' dir='ltr'>ob</span> <span class='ocrx_word' id='word_1_215' title='bbox 409 3112 442 3177; x_wconf 88' lang='lat' dir='ltr'>id</span> <span class='ocrx_word' id='word_1_216' title='bbox 464 3112 616 3179; x_wconf 89' lang='lat' dir='ltr'>laudatus</span> <span class='ocrx_word' id='word_1_217' title='bbox 641 3111 892 3179; x_wconf 88' lang='lat' dir='ltr'>aMommseno.</span> <span class='ocrx_word' id='word_1_218' title='bbox 933 3113 1006 3180; x_wconf 91' lang='lat' dir='ltr'>Nisi</span> <span class='ocrx_word' id='word_1_219' title='bbox 1030 3112 1115 3198; x_wconf 91' lang='lat' dir='ltr'>quod</span> <span class='ocrx_word' id='word_1_220' title='bbox 1139 3133 1206 3176; x_wconf 93' lang='lat' dir='ltr'>non</span> 
     </span>
     <span class='ocr_line' id='line_1_27' title="bbox 97 3207 1206 3303; baseline 0.005 -26"><span class='ocrx_word' id='word_1_221' title='bbox 97 3207 206 3279; x_wconf 83' lang='lat' dir='ltr'>debebat</span> <span class='ocrx_word' id='word_1_222' title='bbox 226 3222 402 3300; x_wconf 86' lang='lat' dir='ltr'>apraetore</span> <span class='ocrx_word' id='word_1_223' title='bbox 424 3217 551 3303; x_wconf 91' lang='lat' dir='ltr'>Popilio</span> <span class='ocrx_word' id='word_1_224' title='bbox 574 3218 697 3284; x_wconf 88' lang='lat' dir='ltr'>factam</span> <span class='ocrx_word' id='word_1_225' title='bbox 720 3219 909 3287; x_wconf 88' lang='lat' dir='ltr'>Mannertus</span> <span class='ocrx_word' id='word_1_226' title='bbox 933 3221 1060 3287; x_wconf 88' lang='lat' dir='ltr'>credere</span> <span class='ocrx_word' id='word_1_227' title='bbox 1086 3219 1206 3285; x_wconf 88' lang='lat' dir='ltr'>abusus</span> 
     </span>
     <span class='ocr_line' id='line_1_28' title="bbox 96 3313 1205 3412; baseline 0.005 -30"><span class='ocrx_word' id='word_1_228' title='bbox 96 3313 172 3398; x_wconf 84' lang='lat' dir='ltr'>ipsius</span> <span class='ocrx_word' id='word_1_229' title='bbox 190 3322 404 3408; x_wconf 81' lang='lat' dir='ltr'>inscriptionis</span> <span class='ocrx_word' id='word_1_230' title='bbox 426 3333 558 3392; x_wconf 89' lang='lat' dir='ltr'>nostrae</span> <span class='ocrx_word' id='word_1_231' title='bbox 581 3349 676 3392; x_wconf 81' lang='lat' dir='ltr'>versu</span> <span class='ocrx_word' id='word_1_232' title='bbox 699 3327 728 3392; x_wconf 90' lang='lat'>9.</span> <span class='ocrx_word' id='word_1_233' title='bbox 764 3326 830 3392; x_wconf 92' lang='lat' dir='ltr'>Vbi</span> <span class='ocrx_word' id='word_1_234' title='bbox 853 3327 939 3412; x_wconf 91' lang='lat' dir='ltr'>quod</span> <span class='ocrx_word' id='word_1_235' title='bbox 962 3325 1205 3392; x_wconf 74' lang='lat' dir='ltr'>nn-nlnnn-</span> 
     </span>
     <span class='ocr_line' id='line_1_29' title="bbox 97 3419 1206 3520; baseline 0.006 -31"><span class='ocrx_word' id='word_1_236' title='bbox 97 3419 264 3494; x_wconf 69' lang='lat' dir='ltr'>Plancos</span> <span class='ocrx_word' id='word_1_237' title='bbox 280 3465 287 3480; x_wconf 94' lang='lat'><em>·</em></span> <span class='ocrx_word' id='word_1_238' title='bbox 302 3429 350 3496; x_wconf 90' lang='lat' dir='ltr'>IN</span> <span class='ocrx_word' id='word_1_239' title='bbox 365 3465 372 3479; x_wconf 94' lang='lat'><strong>·</strong></span> <span class='ocrx_word' id='word_1_240' title='bbox 388 3429 545 3497; x_wconf 72' lang='lat' dir='ltr'><strong>SICILIA</strong></span> <span class='ocrx_word' id='word_1_241' title='bbox 573 3432 612 3498; x_wconf 85' lang='lat' dir='ltr'>de</span> <span class='ocrx_word' id='word_1_242' title='bbox 641 3455 676 3499; x_wconf 91' lang='lat' dir='ltr'>se</span> <span class='ocrx_word' id='word_1_243' title='bbox 704 3435 817 3499; x_wconf 87' lang='lat' dir='ltr'>scribit</span> <span class='ocrx_word' id='word_1_244' title='bbox 839 3434 1012 3520; x_wconf 89' lang='lat' dir='ltr'>Popillius,</span> <span class='ocrx_word' id='word_1_245' title='bbox 1043 3433 1075 3498; x_wconf 92' lang='lat' dir='ltr'>id</span> <span class='ocrx_word' id='word_1_246' title='bbox 1098 3433 1206 3518; x_wconf 87' lang='lat' dir='ltr'>ipsum</span> 
     </span>
     <span class='ocr_line' id='line_1_30' title="bbox 98 3533 1206 3626; baseline 0.005 -28"><span class='ocrx_word' id='word_1_247' title='bbox 98 3533 243 3602; x_wconf 72' lang='lat' dir='ltr'>artissimo</span> <span class='ocrx_word' id='word_1_248' title='bbox 257 3543 450 3624; x_wconf 78' lang='lat' dir='ltr'>argumento</span> <span class='ocrx_word' id='word_1_249' title='bbox 464 3543 524 3624; x_wconf 90' lang='lat' dir='ltr'>est,</span> <span class='ocrx_word' id='word_1_250' title='bbox 546 3562 621 3605; x_wconf 93' lang='lat' dir='ltr'>non</span> <span class='ocrx_word' id='word_1_251' title='bbox 645 3545 836 3626; x_wconf 81' lang='lat' dir='ltr'>praetorem,</span> <span class='ocrx_word' id='word_1_252' title='bbox 860 3541 915 3606; x_wconf 92' lang='lat' dir='ltr'>sed</span> <span class='ocrx_word' id='word_1_253' title='bbox 930 3541 995 3608; x_wconf 89' lang='lat' dir='ltr'>alio</span> <span class='ocrx_word' id='word_1_254' title='bbox 1010 3539 1206 3626; x_wconf 83' lang='lat' dir='ltr'>magistratu</span> 
     </span>
     <span class='ocr_line' id='line_1_31' title="bbox 98 3633 1207 3734; baseline 0.005 -30"><span class='ocrx_word' id='word_1_255' title='bbox 98 3633 251 3722; x_wconf 60' lang='lat' dir='ltr'>ungenmm</span> <span class='ocrx_word' id='word_1_256' title='bbox 274 3667 312 3712; x_wconf 88' lang='lat' dir='ltr'>ea</span> <span class='ocrx_word' id='word_1_257' title='bbox 335 3668 418 3730; x_wconf 87' lang='lat' dir='ltr'>quae</span> <span class='ocrx_word' id='word_1_258' title='bbox 442 3649 516 3712; x_wconf 87' lang='lat' dir='ltr'>aute</span> <span class='ocrx_word' id='word_1_259' title='bbox 540 3645 579 3712; x_wconf 89' lang='lat' dir='ltr'>de</span> <span class='ocrx_word' id='word_1_260' title='bbox 598 3668 633 3712; x_wconf 89' lang='lat' dir='ltr'>se</span> <span class='ocrx_word' id='word_1_261' title='bbox 651 3649 790 3713; x_wconf 86' lang='lat' dir='ltr'>testetur</span> <span class='ocrx_word' id='word_1_262' title='bbox 807 3648 980 3734; x_wconf 84' lang='lat' dir='ltr'>peregisse.</span> <span class='ocrx_word' id='word_1_263' title='bbox 1012 3647 1110 3733; x_wconf 80' lang='lat' dir='ltr'>Ergo,</span> <span class='ocrx_word' id='word_1_264' title='bbox 1133 3667 1207 3711; x_wconf 89' lang='lat' dir='ltr'>cum</span> 
     </span>
     <span class='ocr_line' id='line_1_32' title="bbox 99 3751 1304 3841; baseline 0.004 -27"><span class='ocrx_word' id='word_1_265' title='bbox 99 3761 233 3815; x_wconf 67' lang='lat' dir='ltr'>teneuram</span> <span class='ocrx_word' id='word_1_266' title='bbox 254 3751 408 3838; x_wconf 91' lang='lat' dir='ltr'>Popillius</span> <span class='ocrx_word' id='word_1_267' title='bbox 429 3753 554 3819; x_wconf 82' lang='lat' dir='ltr'>Laenas</span> <span class='ocrx_word' id='word_1_268' title='bbox 578 3776 645 3819; x_wconf 86' lang='lat' dir='ltr'>non</span> <span class='ocrx_word' id='word_1_269' title='bbox 667 3754 711 3818; x_wconf 83' lang='lat' dir='ltr'>sit</span> <span class='ocrx_word' id='word_1_270' title='bbox 732 3759 856 3841; x_wconf 81' lang='lat' dir='ltr'>nactus,</span> <span class='ocrx_word' id='word_1_271' title='bbox 878 3755 962 3820; x_wconf 89' lang='lat' dir='ltr'>nihil</span> <span class='ocrx_word' id='word_1_272' title='bbox 985 3775 1055 3820; x_wconf 89' lang='lat' dir='ltr'>esse</span> <span class='ocrx_word' id='word_1_273' title='bbox 1078 3753 1205 3819; x_wconf 86' lang='lat' dir='ltr'>eviden-</span> <span class='ocrx_word' id='word_1_274' title='bbox 1300 3767 1304 3779; x_wconf 89' lang='grc'><strong>’</strong></span> 
     </span>
     <span class='ocr_line' id='line_1_33' title="bbox 100 3847 1174 3947; baseline 0.004 -25"><span class='ocrx_word' id='word_1_275' title='bbox 100 3847 148 3916; x_wconf 74' lang='lat' dir='ltr'>llus</span> <span class='ocrx_word' id='word_1_276' title='bbox 166 3859 261 3938; x_wconf 89' lang='lat' dir='ltr'>potest</span> <span class='ocrx_word' id='word_1_277' title='bbox 282 3883 381 3945; x_wconf 88' lang='lat' dir='ltr'>quam</span> <span class='ocrx_word' id='word_1_278' title='bbox 403 3861 483 3926; x_wconf 85' lang='lat' dir='ltr'>haec</span> <span class='ocrx_word' id='word_1_279' title='bbox 506 3861 586 3926; x_wconf 90' lang='lat' dir='ltr'>olim</span> <span class='ocrx_word' id='word_1_280' title='bbox 609 3862 752 3946; x_wconf 86' lang='lat' dir='ltr'>praefixa</span> <span class='ocrx_word' id='word_1_281' title='bbox 774 3863 875 3947; x_wconf 88' lang='lat' dir='ltr'>lapidi</span> <span class='ocrx_word' id='word_1_282' title='bbox 899 3861 1036 3928; x_wconf 90' lang='lat' dir='ltr'>Pollano</span> <span class='ocrx_word' id='word_1_283' title='bbox 1060 3859 1174 3927; x_wconf 83' lang='lat' dir='ltr'>fuisse:</span> 
     </span>
    </p>
   </div>
   <div class='ocr_carea' id='block_1_3' title="bbox 118 3990 1254 4088">
    <p class='ocr_par' dir='ltr' id='par_1_4' title="bbox 118 3990 1254 4088">
     <span class='ocr_line' id='line_1_34' title="bbox 118 3990 1254 4088; baseline 0.014 -15"><span class='ocrx_word' id='word_1_284' title='bbox 118 3990 1175 4088; x_wconf 57' lang='lat' dir='ltr'>monuisses-(Pmannans-J008</span> <span class='ocrx_word' id='word_1_285' title='bbox 1249 3991 1254 4006; x_wconf 72' lang='grc'>’</span> 
     </span>
    </p>
   </div>
   <div class='ocr_carea' id='block_1_4' title="bbox 103 4125 1205 4229">
    <p class='ocr_par' dir='ltr' id='par_1_5' title="bbox 103 4125 1205 4229">
     <span class='ocr_line' id='line_1_35' title="bbox 103 4125 1205 4229; baseline 0.012 -34"><span class='ocrx_word' id='word_1_286' title='bbox 103 4125 436 4226; x_wconf 83' lang='lat' dir='ltr'>inscriptionemque</span> <span class='ocrx_word' id='word_1_287' title='bbox 463 4141 600 4206; x_wconf 89' lang='lat' dir='ltr'>haberi</span> <span class='ocrx_word' id='word_1_288' title='bbox 628 4142 718 4206; x_wconf 90' lang='lat' dir='ltr'>anni</span> <span class='ocrx_word' id='word_1_289' title='bbox 747 4139 868 4229; x_wconf 81' lang='lat'><strong>622.*)</strong></span> <span class='ocrx_word' id='word_1_290' title='bbox 915 4143 985 4222; x_wconf 83' lang='lat' dir='ltr'>Quo</span> <span class='ocrx_word' id='word_1_291' title='bbox 1017 4165 1100 4210; x_wconf 88' lang='lat' dir='ltr'>anno</span> <span class='ocrx_word' id='word_1_292' title='bbox 1129 4144 1205 4210; x_wconf 91' lang='lat' dir='ltr'>dum</span> 
     </span>
    </p>
   </div>
   <div class='ocr_carea' id='block_1_5' title="bbox 104 4254 276 4274">
    <p class='ocr_par' dir='ltr' id='par_1_6' title="bbox 104 4254 276 4274">
     <span class='ocr_line' id='line_1_36' title="bbox 104 4254 276 4274; baseline 0.012 -2"><span class='ocrx_word' id='word_1_293' title='bbox 104 4254 276 4274; x_wconf 51' lang='lat'>&#39;*·-—-—.</span> 
     </span>
    </p>
   </div>
   <div class='ocr_carea' id='block_1_6' title="bbox 105 4329 1206 4497">
    <p class='ocr_par' dir='ltr' id='par_1_7' title="bbox 105 4329 1206 4497">
     <span class='ocr_line' id='line_1_37' title="bbox 106 4329 1206 4420; baseline 0.005 -31"><span class='ocrx_word' id='word_1_294' title='bbox 106 4409 110 4420; x_wconf 38' lang='grc' dir='ltr'>Ι</span> <span class='ocrx_word' id='word_1_295' title='bbox 156 4329 241 4403; x_wconf 60' lang='lat' dir='ltr'>&#39;nos</span> <span class='ocrx_word' id='word_1_296' title='bbox 257 4334 285 4389; x_wconf 87' lang='lat' dir='ltr'>P.</span> <span class='ocrx_word' id='word_1_297' title='bbox 298 4335 330 4390; x_wconf 83' lang='lat' dir='ltr'>L.</span> <span class='ocrx_word' id='word_1_298' title='bbox 343 4335 379 4392; x_wconf 88' lang='lat' dir='ltr'>M.</span> <span class='ocrx_word' id='word_1_299' title='bbox 395 4334 426 4390; x_wconf 82' lang='lat' dir='ltr'>n.</span> <span class='ocrx_word' id='word_1_300' title='bbox 444 4334 541 4392; x_wconf 83' lang='lat' dir='ltr'>Enarr.</span> <span class='ocrx_word' id='word_1_301' title='bbox 560 4352 588 4404; x_wconf 91' lang='lat' dir='ltr'>p.</span> <span class='ocrx_word' id='word_1_302' title='bbox 603 4341 650 4402; x_wconf 68' lang='lat'>46:</span> <span class='ocrx_word' id='word_1_303' title='bbox 671 4333 831 4390; x_wconf 85' lang='lat' dir='ltr'>‘Pollanum</span> <span class='ocrx_word' id='word_1_304' title='bbox 847 4336 962 4392; x_wconf 87' lang='lat' dir='ltr'>titulum</span> <span class='ocrx_word' id='word_1_305' title='bbox 976 4337 1122 4394; x_wconf 82' lang='lat' dir='ltr'>Mannsrto</span> <span class='ocrx_word' id='word_1_306' title='bbox 1137 4337 1206 4395; x_wconf 88' lang='lat' dir='ltr'>duce</span> 
     </span>
     <span class='ocr_line' id='line_1_38' title="bbox 105 4415 1205 4497; baseline 0.015 -32"><span class='ocrx_word' id='word_1_307' title='bbox 105 4415 202 4474; x_wconf 77' lang='lat' dir='ltr'>intellexi</span> <span class='ocrx_word' id='word_1_308' title='bbox 217 4440 233 4477; x_wconf 84' lang='lat' dir='ltr'>a</span> <span class='ocrx_word' id='word_1_309' title='bbox 247 4423 275 4481; x_wconf 92' lang='lat' dir='ltr'>P.</span> <span class='ocrx_word' id='word_1_310' title='bbox 293 4424 413 4496; x_wconf 89' lang='lat' dir='ltr'>Popillio</span> <span class='ocrx_word' id='word_1_311' title='bbox 432 4424 461 4480; x_wconf 84' lang='lat' dir='ltr'>C.</span> <span class='ocrx_word' id='word_1_312' title='bbox 481 4426 499 4482; x_wconf 87' lang='lat' dir='ltr'>l.</span> <span class='ocrx_word' id='word_1_313' title='bbox 520 4425 634 4480; x_wconf 90' lang='lat' dir='ltr'>consule</span> <span class='ocrx_word' id='word_1_314' title='bbox 652 4441 676 4479; x_wconf 85' lang='lat' dir='ltr'>a.</span> <span class='ocrx_word' id='word_1_315' title='bbox 697 4431 748 4480; x_wconf 76' lang='lat'>622</span> <span class='ocrx_word' id='word_1_316' title='bbox 774 4425 878 4481; x_wconf 84' lang='lat' dir='ltr'>factum</span> <span class='ocrx_word' id='word_1_317' title='bbox 902 4443 1020 4497; x_wconf 86' lang='lat' dir='ltr'>eamque</span> <span class='ocrx_word' id='word_1_318' title='bbox 1038 4429 1205 4484; x_wconf 74' lang='lat' dir='ltr'>sententiam</span> 
     </span>
    </p>
   </div>
   <div class='ocr_carea' id='block_1_7' title="bbox 106 4508 1204 4586">
    <p class='ocr_par' dir='ltr' id='par_1_8' title="bbox 106 4508 1204 4586">
     <span class='ocr_line' id='line_1_39' title="bbox 106 4508 1204 4586; baseline 0.009 -25"><span class='ocrx_word' id='word_1_319' title='bbox 106 4515 153 4556; x_wconf 79' lang='lat' dir='ltr'>rum</span> <span class='ocrx_word' id='word_1_320' title='bbox 160 4508 310 4569; x_wconf 82' lang='lat' dir='ltr'>llommseno</span> <span class='ocrx_word' id='word_1_321' title='bbox 323 4513 448 4585; x_wconf 82' lang='lat' dir='ltr'>persuasi</span> <span class='ocrx_word' id='word_1_322' title='bbox 461 4515 521 4569; x_wconf 89' lang='lat' dir='ltr'>tum</span> <span class='ocrx_word' id='word_1_323' title='bbox 532 4513 663 4570; x_wconf 79' lang='lat' dir='ltr'>Henrano</span> <span class='ocrx_word' id='word_1_324' title='bbox 673 4514 757 4570; x_wconf 87' lang='lat' dir='ltr'>Orell.</span> <span class='ocrx_word' id='word_1_325' title='bbox 772 4517 793 4568; x_wconf 88' lang='lat' dir='ltr'>t.</span> <span class='ocrx_word' id='word_1_326' title='bbox 802 4515 841 4569; x_wconf 94' lang='lat' dir='ltr'>Ill</span> <span class='ocrx_word' id='word_1_327' title='bbox 856 4535 882 4586; x_wconf 87' lang='lat' dir='ltr'>p.</span> <span class='ocrx_word' id='word_1_328' title='bbox 892 4523 944 4572; x_wconf 77' lang='lat'>317</span> <span class='ocrx_word' id='word_1_329' title='bbox 955 4516 991 4572; x_wconf 85' lang='lat' dir='ltr'>ad</span> <span class='ocrx_word' id='word_1_330' title='bbox 1000 4518 1091 4576; x_wconf 63' lang='lat'>³308)</span> <span class='ocrx_word' id='word_1_331' title='bbox 1112 4516 1204 4586; x_wconf 83' lang='lat' dir='ltr'><strong>G.W.]</strong></span> 
     </span>
    </p>
   </div>
   <div class='ocr_carea' id='block_1_8' title="bbox 0 0 1536 5144">
    <p class='ocr_par' dir='ltr' id='par_1_9' title="bbox 0 0 1536 5144">
     <span class='ocr_line' id='line_1_40' title="bbox 0 0 1536 5144; baseline 0 0"><span class='ocrx_word' id='word_1_332' title='bbox 0 0 1536 5144; x_wconf 95' lang='lat' dir='ltr'> </span> 
     </span>
    </p>
   </div>
  </div>
 </body>
</html>
