3080 5142
332 378 397 442 516
566 395 710 444 Pruscan
733 394 960 442 narrmrffls
983 393 1243 442 nrmssrmcss

331 535 511 601 Brunnium
530 541 678 602 nostrum
696 538 813 622 licebit,
838 537 1000 603 artificum
1018 536 1177 602 Italorum
1196 535 1353 619 paucitati
1370 557 1464 600 novus
1529 531 1530 616 l

331 643 399 709 sive
423 642 540 708 artifex
565 643 632 708 sive
656 642 765 728 opifex
781 641 815 708 O.
834 641 995 708 Anicius
1012 641 1048 708 L.
1067 641 1118 708 St
1141 642 1162 705 l.
1181 640 1465 707 Praenestinus:

331 749 463 814 accedat
481 749 551 833 ipse
570 749 685 814 titulus
705 771 816 816 eorum
833 749 1100 816 documentorum
1121 747 1336 832 multitudini,
1358 746 1465 831 quibus
1529 765 1530 780 ¹

329 860 493 921 maturum
516 855 616 919 fuisse
640 854 723 938 apud
747 855 977 922 Praenestinos
1005 855 1085 920 artis
1114 876 1209 920 usum
1236 854 1387 938 sitneque
1409 852 1466 917 cul·
1529 858 1530 886 l

329 965 399 1027 tum
422 962 654 1047 elegantiorem
677 961 800 1046 pridem
823 967 1027 1048 perspectum
1052 967 1111 1028 est

418 1067 534 1132 Restat
565 1071 603 1132 ut
633 1088 701 1132 rem
733 1070 982 1152 grammaticam
1013 1072 1125 1153 paucis
1157 1066 1374 1153 expediamus.
1423 1067 1466 1131 Ae

329 1174 470 1259 primum
493 1173 623 1259 quidem
640 1173 793 1256 Apolouis
814 1173 989 1240 declinatio
1013 1196 1096 1259 quae
1120 1179 1153 1240 et
1171 1174 1320 1259 exempla
1338 1173 1465 1240 haberet

330 1288 364 1347 et
381 1303 479 1366 quarn
502 1281 675 1364 rationem,
698 1279 779 1346 satis
803 1281 881 1346 olim
903 1281 1086 1366 disputasse
1110 1280 1255 1346 videmur
1272 1279 1379 1346 Musei
1394 1279 1466 1364 phil.

329 1389 431 1453 Rhea.
455 1392 476 1453 t.
496 1385 559 1452 XII
582 1409 612 1470 p.
630 1387 692 1452 109
712 1390 745 1451 et
761 1386 828 1451 476
843 1408 890 1471 sq.
910 1389 967 1467 [-=
982 1387 1098 1471 Opusc
1117 1385 1153 1451 Π
1167 1408 1198 1470 p.
1212 1385 1278 1451 493
1293 1387 1388 1471 sqq.]‚
1409 1407 1465 1470 qno

330 1493 410 1558 adde
432 1514 535 1578 nuper
554 1492 640 1557 dicta
658 1491 692 1556 Ρ.
706 1491 741 1557 L.
755 1490 798 1556 M.
812 1491 850 1556 Ε.
873 1491 988 1556 Enarr.
1011 1492 1077 1576 p.3
1096 1494 1130 1555 et
1143 1490 1229 1576 995³)
1348 1493 1465 1558 Deinde

328 1599 488 1684 mugistcet
510 1599 589 1663 dicti
611 1621 670 1684 pro
693 1599 851 1682 mucoris
873 1621 938 1664 non
957 1599 1054 1664 modo
1074 1599 1258 1683 offensioni,
1282 1600 1337 1666 sed
1355 1621 1396 1666 ne
1413 1599 1466 1664 mi·

329 1706 450 1771 rationi
473 1706 603 1791 quidem
627 1706 685 1770 ulli
714 1710 798 1770 sunt.
844 1705 928 1782 Quid
952 1705 1037 1770 enim
1061 1726 1181 1791 quaeso
1204 1705 1412 1788 discriminis,
1441 1705 1465 1769 si

328 1814 488 1879 rationem
517 1817 656 1898 spectes,
688 1811 773 1876 inter
798 1811 889 1875 illam
920 1811 1058 1877 formam
1086 1815 1119 1876 et
1145 1812 1205 1877 has
1234 1817 1287 1877 sat
1310 1813 1465 1880 confessas

329 1920 501 1985 intercedit
514 1940 597 2004 quae
616 1922 693 1983 sunt
710 1919 834 1982 dexteru
852 1918 961 1982 dectrc
978 1919 1220 1997 dextrovorsum,
1238 1939 1351 2002 mpero
1368 1939 1467 2001 aspro,

328 2027 433 2107 desero
450 2026 548 2110 infra,
564 2025 738 2108 pauculum
751 2025 904 2107 potclum
923 2045 995 2089 cum
1014 2025 1170 2090 similium
1189 2026 1406 2110 multitudine,
1422 2047 1466 2091 oc·

329 2135 425 2200 iecere
442 2129 601 2220 (eclieare)
620 2133 745 2211 calcare,
767 2131 917 2197 Hercules
930 2131 1057 2198 Hercles
1074 2133 1177 2216 hercle,
1200 2133 1279 2198 item
1297 2133 1466 2198 Tecumasso

331 2240 487 2306 Termesso
510 2262 582 2305 cum
605 2238 775 2304 finitimis?
798 2237 883 2323 quod
907 2259 1008 2323 genus
1027 2239 1213 2304 universum
1237 2239 1382 2304 breviter
1402 2260 1467 2322 per-

329 2345 432 2411 secuti
456 2366 566 2409 sumus
589 2344 731 2412 Monum.
755 2345 856 2429 epigr.
879 2345 979 2410 trium
1001 2367 1032 2429 p.
1049 2344 1098 2409 IX
1118 2346 1231 2428 [supra
1254 2367 1285 2429 p.
1307 2346 1384 2428 172]
1404 2367 1467 2429 sqq.

329 2450 405 2518 Solo
428 2451 530 2538 igitur
552 2451 713 2516 arbitratu
734 2451 864 2536 linguae
883 2451 1045 2535 posterior
1063 2454 1153 2516 aetas
1172 2453 1356 2534 magristrum
1375 2451 1466 2516 simul

329 2564 361 2625 et
386 2560 599 2643 magisterium
626 2558 790 2643 probavit,
827 2561 865 2622 ut
891 2559 1069 2624 ministrem
1097 2563 1130 2623 et
1156 2559 1377 2624 ministerium:
1412 2579 1466 2642 pro

328 2667 456 2752 quibus,
479 2666 506 2730 si
530 2664 626 2731 modo
650 2664 839 2750 placuisset,
865 2667 997 2748 poterat
1020 2665 1118 2729 etiam
1140 2665 1338 2749 muscum
1359 2667 1394 2729 et
1413 2665 1466 2728 mi·

327 2774 476 2839 ostium
494 2770 641 2836 adscisci.
668 2769 708 2835 In
725 2771 778 2835 his
798 2774 905 2836 autem
924 2770 986 2835 etsi
1005 2771 1183 2837 subsistere
1201 2793 1344 2856 possum,
1363 2777 1466 2837 tamen

327 2901 393 2945 non
425 2878 561 2943 verebor
590 2877 676 2941 ultra
707 2875 858 2961 progredi
889 2875 1113 2942 ratiocinando
1145 2898 1282 2962 eamque
1311 2879 1465 2944 rationem

328 2987 393 3050 iam
430 2983 643 3050 confidentius
682 2983 905 3048 commendare
942 3004 1039 3067 quam
1076 2985 1096 3049 l.
1124 3007 1149 3050 s.
1177 3008 1201 3050 s.
1231 3008 1261 3069 p.
1285 2983 1331 3050 XI
1360 2987 1465 3070 [supra

328 3113 359 3175 p.
380 3092 457 3172 174]
481 3090 590 3154 adnot.
613 3109 685 3153 cum
709 3087 911 3155 dubitatione
935 3089 1174 3174 significabam:
1197 3096 1235 3156 ut
1256 3090 1378 3175 triplici
1400 3113 1464 3156 suc-

328 3198 486 3282 cessione,
514 3195 581 3260 sive
604 3195 846 3280 quadruplicem
875 3194 1007 3278 dixeris,
1039 3195 1153 3280 lingua
1176 3197 1326 3262 credatur
1351 3219 1371 3261 a
1393 3197 1466 3261 mol-

328 3303 465 3369 lioribus
487 3301 601 3368 formis
625 3323 741 3366 exorsa
758 3302 799 3368 ad
818 3305 1055 3368 contractarum
1077 3303 1285 3386 asperitatem
1305 3303 1465 3370 transiisse

327 3412 362 3475 in
385 3433 485 3495 eaque
508 3431 566 3494 per
589 3413 710 3474 certam
734 3413 873 3473 aetatem
897 3411 1085 3474 constanter
1112 3409 1310 3494 perstitisse,
1342 3411 1383 3476 ab
1409 3409 1463 3474 bac

327 3520 436 3582 autem
459 3516 578 3581 duritie
600 3537 659 3599 per
678 3515 845 3580 decursum
870 3514 989 3580 saeculi
1008 3515 1114 3598 quinti
1137 3515 1179 3580 ad
1201 3515 1374 3600 pristinam
1398 3537 1464 3580 sue

326 3625 462 3690 ritatem
486 3644 615 3688 reversa
641 3623 687 3687 eis
711 3622 839 3688 demum
868 3622 1082 3705 temporibus,
1110 3623 1227 3706 quibus
1250 3627 1301 3687 est
1324 3645 1345 3688 a
1365 3622 1464 3706 poetis

292 3756 315 3796 x
329 3734 363 3795 et
381 3729 594 3814 scriptoribus
613 3730 748 3814 exculta,
767 3729 948 3814 asperiores
968 3728 1089 3794 formas
1107 3733 1195 3796 corto
1213 3731 1463 3814 temperamento

327 3859 399 3902 cum
422 3836 540 3902 dilectu
562 3835 704 3920 quodam
727 3835 946 3901 resuscitasse.
993 3833 1085 3910 Quod
1108 3853 1211 3921 genus
1234 3835 1336 3901 latius
1359 3839 1463 3922 patere

326 3942 527 4028 intellegitur
563 3965 659 4028 quam
692 3942 745 4007 cui
776 3963 848 4007 oum
879 3942 1059 4026 pulvisculo
1092 3941 1308 4009 exhauriendo
1341 3943 1393 4010 hic
1424 3941 1463 4007 sit

326 4051 417 4116 locus
440 4051 545 4116 datiis.
650 4049 761 4115 Tertio
785 4051 856 4116 loco
879 4049 1077 4134 designanda
1099 4054 1151 4115 est
1172 4071 1277 4116 sorore
1300 4050 1464 4136 scriptura,

414 4316 441 4384 ²)
461 4315 621 4387 [Praeterea
639 4313 727 4370 addas
741 4331 845 4369 novum
859 4312 1016 4382 exemplum
1032 4313 1205 4370 APOLONE
1224 4313 1299 4384 quod
1313 4314 1417 4384 prodiit
1432 4328 1463 4366 er

325 4403 505 4473 inscriptione
529 4402 647 4472 Calena,
676 4420 747 4472 quae
770 4403 798 4457 in
817 4402 901 4458 tertio
924 4399 1035 4456 Priscae
1058 4403 1139 4458 latin.
1163 4403 1308 4474 epigrapb.
1331 4402 1462 4474 supplem.

325 4509 353 4560 p.
369 4491 407 4545 ΙΙΙ
427 4491 509 4560 (iutra
527 4511 553 4562 p.
569 4495 631 4559 520)
650 4493 726 4547 etin
745 4491 844 4548 tabula
862 4490 971 4544 adiecta
990 4489 1042 4544 sub
1061 4491 1088 4544 A
1107 4491 1186 4546 edita
1204 4493 1254 4546 cst.
1291 4491 1321 4546 C.
1336 4491 1395 4563 W·]
