3048 5144
397 411 585 458 urnmnrvu
610 410 858 459 romnnmuvn.
1139 395 1201 460 119

173 553 332 620 Committe
355 552 430 620 ilico
454 554 600 639 pallium,
622 551 706 619 sslud
729 551 844 639 posiui.

169 659 242 725 Mihi
264 661 347 746 quod
371 659 554 745 credideris,
577 666 685 726 sumes
708 659 765 725 ubi
787 657 955 746 posiueris.

170 768 291 832 Alienos
314 767 443 834 dolores
468 766 552 833 mihi
572 764 750 853 supposiui.

72 873 234 950 Quibusiu
256 875 333 939 louis
356 875 507 941 omnibus
534 873 702 960 vulgarem
729 874 870 939 formum
901 875 1000 940 ceteri
1027 877 1104 942 boni
1127 878 1203 943 libri

72 979 252 1046 Deeurtetus
274 1004 347 1047 eum
371 981 547 1047 Vrsiuiano
565 979 728 1047 Vaticano
748 981 996 1068 substituerunt,
1020 983 1054 1048 in
1071 1005 1136 1048 uno
1156 983 1203 1048 illi

71 1089 208 1170 inmissa
235 1089 409 1174 infinitivo,
441 1111 538 1175 quem
569 1089 611 1154 ad
642 1089 725 1153 idem
759 1109 862 1174 genus
894 1089 1099 1155 referendum
1132 1113 1203 1156 esse

70 1201 205 1278 apparet
225 1201 435 1282 congruentes
459 1217 534 1262 uum
556 1195 675 1262 Vetere
698 1194 919 1261 Mostellariae
942 1220 971 1263 v.
993 1197 1073 1262 434:

165 1301 246 1369 Scies
267 1302 428 1388 inposisse
450 1303 483 1368 in
506 1303 636 1388 undam,
658 1301 724 1367 hau
743 1307 881 1388 oausast,
903 1301 989 1369 ssioo.

69 1407 147 1484 Quid
180 1410 271 1495 igitur
302 1412 422 1476 mirum
454 1411 482 1476 si
515 1410 550 1476 in
581 1413 655 1476 outo
683 1409 738 1495 qui
766 1413 892 1475 restant
915 1411 1061 1477 versibus
1091 1410 1202 1476 eadem

68 1519 239 1602 corruptela
265 1517 364 1583 etiam
394 1518 435 1582 ad
459 1517 611 1584 Veterem
635 1517 815 1601 pertinuit?
839 1539 857 1581 e
880 1518 998 1602 quibus
1021 1518 1128 1583 nullus
1152 1521 1203 1582 est

67 1623 140 1708 quin
163 1623 326 1708 pristinam
351 1624 489 1690 formam
508 1628 641 1709 propter
657 1625 747 1709 ipsos
765 1645 917 1690 numeros
937 1625 1104 1712 efflagitet,
1126 1647 1202 1691 eon-

68 1735 112 1793 tra
134 1733 225 1814 atque
246 1732 278 1796 in
302 1730 476 1796 Asinariue
498 1730 659 1816 exemplo,
682 1731 739 1795 ubi
762 1752 803 1795 ne
827 1731 962 1796 vetabat
985 1728 1116 1816 quidem
1139 1753 1203 1796 me·

67 1837 142 1902 tries
169 1839 246 1905 ratio
278 1839 401 1922 reposui
432 1839 503 1903 diei.
548 1839 638 1924 Ergo
667 1838 885 1904 certissimum
914 1842 964 1903 est
986 1837 1140 1903 iudicium
1163 1838 1203 1902 de

67 1943 257 2012 Curculiouis
286 1969 313 2012 v.
342 1945 416 2011 356.
440 1945 519 2030 536,
544 1943 742 2010 Bacchidum
769 1945 848 2030 306,
876 1944 1097 2011 Mostellariae
1128 1945 1203 2029 382,

66 2051 174 2117 llilitis
196 2053 324 2138 gloriosi
344 2052 419 2137 905,
443 2053 600 2118 Rudentis
625 2052 699 2118 357.
718 2053 792 2138 916,
815 2053 1002 2118 Truculeuti
1020 2051 1077 2138 IV,
1100 2055 1131 2132 3,
1150 2053 1202 2138 30,

67 2159 107 2223 sie
124 2159 299 2225 scribendis
322 2163 451 2246 praeter
474 2160 633 2225 librorum
656 2160 858 2228 testimonia:

104 2251 163 2332 llle
187 2289 276 2332 suom
294 2269 427 2333 anulum
450 2268 626 2353 dpposiuit,
649 2265 783 2333 inuocat
805 2267 1002 2333 Planesium.
1077 2269 1080 2274 ’

104 2373 190 2450 Quas
213 2395 271 2459 ego
295 2374 381 2458 apud
403 2377 436 2439 te
460 2373 617 2459 de'posiui,
640 2371 744 2438 uitam
766 2395 907 2458 propera
929 2375 1058 2460 ponere.

102 2480 171 2546 Nos
193 2479 234 2544 sd
256 2479 466 2544 Theotimum
489 2501 585 2546 omne
609 2482 724 2544 aurum
748 2477 979 2563 deposiuimus.

103 2568 247 2669 limabo]
270 2591 380 2652 autem
403 2587 456 2651 hic
480 2585 642 2671 deposiuit
665 2587 765 2671 osiput
787 2592 821 2653 et
843 2588 976 2654 dormit:
1000 2588 1132 2654 suscita

105 2695 154 2759 Ad
177 2699 234 2759 triu
255 2697 428 2780 praerepta
451 2693 490 2759 de
513 2715 584 2760 meo
608 2690 693 2758 nihss
717 2716 838 2760 nouom
861 2693 1019 2780 adposiui.

101 2801 137 2864 ln
162 2798 301 2866 Siciliam
325 2803 370 2884 et,
398 2797 553 2885 quidquid
577 2799 664 2864 domi
687 2799 765 2886 fuit,
792 2804 826 2866 in
848 2813 968 2867 'nauem
991 2799 1157 2886 iuposiuit.

102 2907 238 2972 lucrum
260 2903 446 2992 praeposiui
469 2906 578 2990 sopdri
602 2911 636 2972 et
658 2906 769 2991 quieti.
1214 2943 1227 2982 a

101 3013 181 3091 Quid
200 3013 265 3098 illa,
285 3013 361 3098 quui
381 3013 494 3094 [dono]
514 3013 690 3078 donatust?
709 3011 911 3100 Supposiuit.
937 3013 1041 3093 Quoi?
1063 3014 1146 3082 Sibi:

64 3121 103 3185 ita
124 3121 211 3186 enim
233 3125 431 3205 postremum
460 3120 674 3204 probabiliter
697 3120 944 3207 Kumpmannus
973 3122 1139 3208 supplevit
1161 3126 1200 3190 de

64 3227 148 3293 rebus
171 3227 265 3292 milit
288 3225 334 3292 Pl.
357 3249 387 3312 p.
414 3227 464 3293 18.
500 3224 570 3292 Nee
593 3227 698 3324 magis
725 3228 759 3292 in
782 3228 977 3294 Terentiano
1001 3227 1200 3296 versuum.

65 3333 97 3416 V,
113 3335 185 3419 3,3
215 3337 327 3418 poetae
360 3354 492 3399 manum
520 3334 572 3398 vel
604 3333 703 3398 ceteri
734 3333 812 3398 libri
838 3335 890 3398 vel
923 3335 993 3420 ipse
1020 3335 1200 3402 Bembinus
1275 3343 1278 3352 '

65 3443 231 3523 servanmt,
254 3439 415 3506 aFaerno
439 3440 569 3505 demum
592 3441 672 3518 item
695 3441 828 3506 iubente
847 3445 950 3508 metro
969 3441 1200 3508 instauratam:

99 3547 158 3624 Qui
180 3548 269 3613 hune
292 3547 475 3634 supposiuit
496 3549 614 3615 ndbis?
638 3549 734 3615 Moue
757 3570 834 3613 uero
857 3550 957 3615 doius.

64 3652 241 3720 dundemne
263 3643 363 3740 igitur
381 3655 570 3720 Terentium
594 3654 654 3720 hos
677 3654 793 3721 fecisse
812 3677 923 3721 versus
943 3655 1199 3723 existimabimus

65 3761 195 3828 Andriae
217 3761 274 3846 IV,
297 3763 326 3846 3,
351 3761 401 3826 14.
424 3761 455 3845 4,
478 3761 507 3826 3.
531 3762 587 3826 24:

97 3868 170 3935 Non
196 3868 382 3954 ddposuisse
401 3873 438 3934 ut
460 3866 584 3954 liquido
607 3869 738 3953 possim.
784 3869 954 3954 Intellego.

98 3969 186 4042 Puer¹
203 3976 352 4042 herclest.
375 3977 500 4061 mulier,
522 3979 588 4042 trin
605 3976 745 4062 posuisti
767 3977 875 4043 hune?
897 3973 974 4044 ‘Vbi
997 3977 1063 4043 illie
1087 3978 1159 4044 est?

99 4083 186 4149 Cedo
209 4085 316 4150 edium
339 4105 476 4169 puerum
498 4083 553 4149 hio
577 4083 782 4169 ddposuisti?
805 4083 855 4149 dic
881 4083 979 4150 mihi:

64 4190 243 4273 praesertim
274 4213 347 4257 oum
383 4195 417 4256 et
448 4189 531 4257 Cato
557 4192 744 4274 posiaeruat
768 4192 938 4275 postumus,
969 4195 1002 4256 et
1035 4191 1201 4276 Deposiuit

64 4295 168 4361 uuam
191 4297 358 4363 etiamtum
383 4295 531 4364 Catullus
555 4295 703 4382 XXXIV,
726 4298 746 4362 8
770 4293 979 4382 (quamquam
997 4297 1052 4363 hio
1074 4321 1200 4384 quoque

65 4403 235 4469 inuentibus
266 4401 374 4490 libris)
413 4405 513 4470 semel
545 4403 662 4469 dixerit
695 4403 731 4468 in
764 4403 954 4489 glyconeis?
990 4403 1104 4490 Aliud,
1135 4405 1199 4470 nisi

66 4510 164 4598 fallor,
195 4510 319 4597 lapides
352 4511 478 4577 docent.
528 4511 567 4576 In
600 4509 717 4596 quibus
749 4533 815 4577 uon
842 4515 970 4577 tantum
999 4509 1198 4577 DEPOSIE-
