3074 5138
303 358 369 424 460
414 376 461 422 nn
485 375 750 424 nncmuamoun
775 333 925 436 ovinam
946 375 1077 440 aleina
1101 374 1380 424 anoonmmona.

301 517 524 602 Minatis?*)
548 518 734 583 dominante
750 518 949 584 etiamtume
966 519 1079 584 littera
1096 520 1183 602 proi
1201 521 1238 583 ut
1256 515 1448 584 insuaue

302 623 483 690 MERETO
516 620 701 689 AIDILES.
754 623 841 688 Nam
868 625 1076 708 quantumvis
1104 625 1196 692 varia
1223 625 1323 690 fuerit
1351 624 1448 690 variis
1516 617 1517 628 ¹

302 731 336 794 in
360 731 456 796 terrie
481 731 670 817 gentibueve
689 729 812 796 Italicis
833 730 987 797 formatio
1011 731 1261 816 gentiliciorum,
1285 731 1372 816 quod
1395 752 1448 816 ga-

301 859 362 903 nue
389 841 465 921 post
488 837 696 904 Huebnerum
728 838 839 921 paneis
871 859 974 921 nuper
1000 837 1172 902 Henzanua
1203 839 1449 923 comprehendit
1517 845 1518 874 ¹

302 942 459 1009 Orelliani
483 945 657 1010 voluminis
679 943 728 1009 Ill
752 968 783 1028 p.
802 945 867 1010 242
886 965 946 1029 aq„
969 945 1133 1009 tamenin
1151 949 1216 1010 ates
1238 945 1448 1012 terminatum

301 1047 876 1136 nomenmtinffffiseffaffi
904 1034 1447 1118 m‘fiiffiffie‘n‘aaffia}

302 1157 451 1222 exeuntia
469 1155 624 1244 plurima)
643 1180 802 1243 nusquam
821 1179 974 1242 umquam
993 1161 1156 1243 repartum
1175 1161 1233 1222 eet
1263 1156 1361 1223 Vnda
1380 1179 1448 1224 ease

302 1287 498 1350 consequens
526 1265 746 1353 intellegimus
775 1264 953 1349 antiquitus
981 1263 1022 1330 ad
1049 1262 1112 1330 hoo
1139 1263 1324 1348 exemplum
1354 1263 1446 1330 decli·
1519 1292 1520 1372 p

302 1375 416 1437 natum
439 1393 523 1438 esee:

297 1503 327 1536 '-
434 1518 520 1562 nom.
546 1494 729 1562 (iurnales
1129 1493 1309 1560 Cornelis

435 1624 507 1689 gen.
545 1599 1039 1690 cornelesmasnnvuas)
1129 1600 1311 1667 Cornelia
1520 1612 1521 1680 l

365 1707 368 1714 ’
436 1709 501 1778 dat.
548 1708 712 1777 Corneio
736 1707 787 1796 (ut
809 1707 994 1794 IVNONE)
1129 1707 1286 1774 Corneli
1520 1699 1521 1706 ἵ

436 1839 499 1882 ace.
546 1815 747 1882 Cornelem
1130 1811 1329 1880 Cornelim

283 1962 435 2025 prorsus
459 1943 593 2008 utalia
618 1943 691 2007 alis
716 1941 768 2006 ali
792 1945 825 2005 et
846 1945 883 2005 ut
906 1943 986 2024 puto
1010 1939 1109 2005 alim.
1141 1937 1266 2016 Quibus
1285 1941 1342 2025 qui
1360 1940 1446 2006 volet
1521 1930 1522 1952 ¹

302 2047 464 2113 ablativos
497 2048 595 2113 addat
632 2047 821 2114 Gornaled
859 2045 1048 2112 Cornelid.
1104 2044 1307 2110 Veterrimae
1341 2049 1443 2110 autem

301 2155 576 2238 pronuntiationis
600 2154 723 2240 aliquid
746 2153 853 2218 haesit
876 2153 911 2218 in
933 2151 1055 2237 plebeii
1078 2153 1237 2217 sermonis
1260 2152 1377 2218 formis
1400 2173 1444 2216 re-

302 2261 500 2326 centioribus
519 2261 587 2326 illis
611 2282 690 2347 quas
714 2259 929 2344 supraposui
951 2281 982 2343 p.
1002 2257 1022 2324 6
1047 2259 1141 2341 [449]
1161 2280 1207 2343 sq.
1236 2257 1443 2325 LVOILLES

303 2370 350 2450 et,
378 2367 405 2431 ai
429 2367 526 2432 modo
550 2367 630 2432 eatis
654 2367 684 2431 ei
708 2365 797 2450 fidei,
826 2363 997 2430 APILES:
1025 2363 1184 2449 aquibus
1213 2363 1326 2450 aliquo
1351 2367 1443 2430 inter·

302 2472 391 2538 vallo
415 2472 621 2540 BARNAES
645 2473 753 2539 dietat.

392 2580 513 2658 Quodsi
529 2601 587 2664 per
600 2578 680 2644 eatis
695 2578 870 2644 multorum
889 2600 1049 2644 annorum
1068 2579 1316 2646 diuturnitatem
1336 2583 1397 2646 ato
1412 2583 1442 2645 at

263 2711 288 2750 ιτ
302 2707 334 2751 m
352 2686 463 2752 littera
477 2687 584 2752 finalia
599 2685 707 2752 omitti
721 2685 818 2751 solita
833 2687 883 2750 eat
897 2685 1062 2750 communi
1078 2685 1319 2771 consuetudine,
1338 2709 1441 2752 rursus

301 2791 381 2858 haee
405 2793 544 2858 subnata
567 2791 742 2858 declinatio
766 2797 815 2857 eat
839 2813 971 2858 casuum
990 2791 1177 2857 discrimine
1196 2793 1284 2858 omni
1304 2795 1441 2860 sublato:

461 2940 547 2983 nom.
569 2916 746 2983 Cornelia
909 2916 1068 2983 Corneli

462 3047 534 3113 gen.
571 3022 749 3090 Cornelia
910 3021 1068 3089 Corneli

464 3131 528 3198 dat
570 3129 727 3197 Corneli
913 3129 1069 3196 Corneli

463 3261 528 3304 aec.
569 3235 765 3303 Oornelim
912 3235 1069 3302 Corneli

303 3364 448 3452 proxime
481 3363 521 3429 ad
553 3384 664 3427 eorum
697 3359 940 3426 similitudinem
976 3384 1057 3446 quae
1089 3385 1191 3448 nuper
1223 3365 1438 3450 proponebam

303 3469 407 3536 Musei
431 3470 534 3535 Rhen.
557 3472 580 3535 t.
598 3467 677 3532 XIV
700 3491 730 3552 p.
749 3467 812 3532 401
834 3491 881 3552 sq.
907 3468 1020 3551 [supra
1042 3489 1073 3552 p.
1091 3469 1188 3550 408]:

462 3617 549 3660 nom.
570 3596 747 3658 matrona
907 3595 1043 3657 senatu
1204 3591 1265 3659 die

463 3722 535 3786 gen.
572 3703 750 3764 matrona
910 3701 1045 3764 senatu
1205 3698 1265 3764 die

464 3807 529 3871 dat.
572 3809 748 3871 matrona
908 3808 1043 3870 uenatu
1204 3805 1265 3870 dia

464 3935 529 3979 aee.
569 3915 747 3977 matrona
907 3915 1044 3977 senatu
1204 3911 1263 3988 dia

303 4040 354 4106 Ex
382 4039 450 4102 illis
480 4037 582 4122 igitur
609 4057 741 4102 casuum
769 4035 881 4100 formis
913 4035 1010 4120 plane
1042 4035 1203 4120 parilibus
1234 4057 1308 4100 aum
1340 4055 1436 4114 unum,

305 4144 553 4228 nominativum,
576 4144 646 4210 sola
664 4144 827 4228 scriptura
844 4141 1034 4228 posterioria
1053 4141 1171 4208 aetatis
1196 4142 1342 4228 servarit,
1364 4141 1437 4206 alter

334 4307 516 4316 -—-——-

392 4393 418 4462 ⁴¹)
438 4392 491 4464 [Gi.
507 4405 605 4447 comm.
620 4389 837 4460 11p.vl1(ma)
852 4392 963 4458 atquae
976 4387 1087 4458 adripuit
1097 4385 1347 4444 Ritaehelinablue.
1358 4387 1435 4441 libau.

305 4481 369 4542 XVI
387 4499 414 4556 p.
425 4485 476 4536 625
492 4481 532 4550 (in
545 4479 599 4536 fine
613 4478 728 4536 alteriue
743 4476 985 4536 commentationis
998 4475 1073 4534 infra
1085 4495 1111 4550 p.
1123 4483 1173 4532 477
1190 4475 1329 4549 repetita).
1354 4471 1435 4544 C.W.]
