3074 5138
309 353 375 416 444
474 370 509 416 IN
531 367 642 417 LEGES
666 367 857 417 vrsannmn
880 368 1061 416 abromum
1084 368 1287 417 coenatum

309 513 369 577 bus
383 518 426 577 ‘et
448 512 659 596 praeconibus
684 513 780 598 latae,
803 533 866 596 quo
890 513 1019 598 quidem
1043 513 1148 597 capite
1171 519 1324 598 ageretur
1344 513 1383 578 de
1397 513 1455 578 XX

309 619 543 704 quaestoribus.

398 833 449 898 Ita
471 834 623 919 quoniam
647 833 682 898 in
704 835 827 922 legem
852 833 1070 901 Corneliam
1099 835 1142 899 de
1170 836 1316 920 uiginti
1347 857 1457 920 quae·

310 941 484 1006 storibus
509 942 623 1006 incidit
646 943 757 1026 oratio,
781 944 819 1008 de
843 943 903 1008 hac
927 965 1062 1027 quoquc,
1085 964 1162 1007 num
1186 943 1263 1028 quid
1286 943 1390 1008 simili
1414 949 1456 1006 at

292 1069 370 1131 ,que
393 1048 426 1112 iu
451 1047 596 1114 Antonia
619 1049 866 1115 ratiocinatione
895 1071 911 1112 e
935 1049 1201 1132 praescriptionis
1229 1053 1324 1133 parte
1349 1073 1456 1134 super·

309 1154 386 1218 stite
409 1154 493 1220 effici
516 1156 633 1239 possit,
656 1156 768 1240 paucis
793 1156 967 1221 videamus.
1000 1154 1063 1220 Est
1085 1159 1194 1220 autem
1218 1178 1257 1220 ea
1279 1157 1456 1241 praescrip·

309 1261 355 1326 tio
379 1261 411 1326 in
437 1283 509 1327 aere
527 1260 744 1346 Neapolitano
768 1263 843 1328 talis
868 1263 995 1348 qualem
1018 1263 1053 1328 in
1072 1262 1197 1327 adiecta
1215 1263 1331 1328 tabula
1351 1263 1456 1328 subB

309 1369 526 1434 exhibuimus:
558 1369 641 1434 unde
670 1373 775 1434 totam
803 1369 995 1455 perspicitur
1022 1370 1117 1434 unius
1142 1391 1254 1434 versus
1279 1369 1379 1453 primi
1402 1392 1456 1454 per

310 1497 421 1541 omues
445 1477 573 1540 tabulas
596 1476 789 1561 pertinentis
813 1477 1029 1542 continuitate
1051 1475 1322 1560 comprehensam
1351 1477 1455 1540 fuisse.

309 1583 389 1648 llius
421 1605 533 1648 versus
570 1584 604 1647 in
635 1583 748 1648 tabula
780 1587 896 1648 octava
928 1584 1056 1649 litterae
1092 1587 1168 1648 sunt
1193 1581 1303 1666 XXII,
1338 1605 1453 1668 eaeque

311 1711 428 1776 magna
455 1689 698 1756 intervallorum
728 1691 960 1776 aequabilitate
988 1691 1144 1775 scriptae:
1180 1690 1319 1755 totidem
1349 1695 1453 1754 autem

309 1796 437 1861 litterae
460 1819 533 1862 curn
557 1799 613 1878 eis,
636 1819 718 1882 quae
733 1796 867 1862 TRIBV
887 1819 1000 1864 vocem
1019 1798 1145 1882 insequi
1165 1797 1198 1862 in
1222 1796 1374 1882 legitima
1396 1795 1452 1860 for-

310 1904 398 1969 mula
419 1915 549 1970 neccsse
573 1905 629 1989 sit,
652 1904 914 1970 commodissime
937 1905 1116 1988 sufficiant,
1139 1905 1213 1988 ipsa
1235 1925 1324 1968 nona
1346 1902 1453 1968 tabula

309 2012 414 2096 legem
446 2012 607 2097 integram
638 2013 846 2076 terminatam
875 2034 945 2076 esse
973 2016 1041 2077 tam
1070 2011 1208 2096 simplici
1240 2033 1341 2094 quam
1368 2013 1450 2076 certo

310 2124 463 2203 computo
487 2119 633 2186 efficitur.
679 2117 778 2184 Velut
799 2118 861 2184 boc
885 2119 1044 2203 exemplo:

213 2263 263 2280 ’“
359 2260 525 2328 tab.VllI
607 2255 1405 2326 PRINCIPIVM·FVIT.PRO·TRIBV-

358 2387 424 2452 tab.
443 2385 541 2451 VIIII
608 2383 1403 2452 M·IVNIVS·M·F·'PREIMVS·SGIVIT

310 2544 394 2611 Nam
419 2568 477 2630 per
505 2557 634 2612 secum
658 2546 756 2611 liceat
784 2569 861 2612 sane
890 2547 1056 2632 quodlibet
1083 2569 1202 2613 nomen
1229 2547 1362 2633 longius
1384 2545 1449 2610 sub

310 2653 453 2736 stituere,
476 2655 585 2718 tamen
608 2657 677 2717 tam
695 2653 840 2739 longum,
863 2655 1042 2740 quostiam
1061 2655 1204 2721 decimae
1225 2655 1358 2720 tabulae
1376 2653 1447 2718 satis

310 2759 382 2842 liat,
409 2759 562 2824 nimirum
584 2761 706 2827 frustra
729 2785 872 2847 quaeres.
918 2762 1105 2828 Omittendo
1133 2765 1240 2827 autem
1265 2761 1448 2848 cognomine

311 2866 413 2930 satius
436 2865 536 2930 fuerit
558 2867 663 2952 legem
688 2869 850 2952 agrariam
875 2869 952 2933 anni
971 2869 1036 2934 643
1061 2867 1171 2954 (quam
1192 2868 1349 2934 Thoriam
1373 2866 1446 2931 voci·

310 2969 397 3057 tant)
424 2971 561 3056 imitari,
593 2973 683 3038 cuius
716 2973 813 3040 hodie
845 2981 1009 3060 superstes
1042 2976 1170 3041 initium
1201 2975 1282 3041 haec
1315 2973 1446 3058 servant

303 3076 520 3162 princiPIVM
540 3114 546 3127 ·
566 3078 1257 3160 ancersleve-orcarum
1277 3117 1284 3132 ·
1304 3077 1446 3158 colvm,

310 3209 407 3272 quam
429 3190 612 3270 temporum
635 3187 817 3252 discrimine
840 3192 999 3254 remotam
1023 3189 1208 3266 Quinetiam
1234 3189 1387 3255 addendo.
1409 3222 1444 3232 -

309 3291 431 3357 Verum
456 3291 554 3358 ctiam
577 3293 615 3358 de
639 3298 764 3379 septem·
781 3296 902 3361 tabulis
920 3295 1083 3380 prioribus
1103 3295 1236 3382 aliquid,
1259 3313 1444 3381 quamquam

310 3421 376 3464 non
408 3400 560 3486 multum,
592 3401 724 3468 calculis
756 3406 842 3466 recte
866 3402 1042 3472 ,subductis
1074 3402 1233 3486 proficias.
1283 3399 1443 3468 Formulae

309 3507 502 3574 necessitate
524 3511 690 3593 reguntur,
714 3531 795 3593 quae
819 3509 852 3574 in
871 3511 892 3575 l.
912 3511 1056 3577 Antonia
1078 3509 1358 3595 perscribebamus
1379 3509 1443 3592 post

239 3638 295 3678 xvr
310 3619 499 3700 rogatorum
522 3616 658 3680 nomina
680 3637 780 3700 usque
803 3615 844 3680 ad
867 3614 1125 3682 PRINCIPIVM
1148 3616 1352 3682 vocabulum.
1385 3612 1442 3678 Eae

309 3726 419 3806 partes
447 3723 480 3786 in
509 3723 616 3805 priore
640 3723 786 3806 exemplo
813 3725 928 3788 nostro
960 3723 1087 3790 litteras
1115 3722 1301 3807 aequabant
1329 3721 1442 3788 circiter

309 3827 381 3912 XC,
404 3830 436 3893 in
460 3833 637 3913 posteriore
661 3827 761 3893 LXX:
786 3851 864 3915 ergo
887 3851 959 3894 cum
983 3833 1107 3914 septem
1129 3829 1261 3894 tabulae
1284 3835 1372 3896 totae
1393 3827 1440 3892 cir-

310 3937 390 4002 citer
417 3934 519 4002 CLIV
549 3936 692 4021 capiant,
725 3937 864 4001 efficitur
894 3941 930 4001 ut
956 3941 1143 4022 rogatorum
1172 3937 1357 4002 nominibus
1382 3955 1440 4020 per·

310 4043 489 4110 scribendis
509 4048 565 4108 aut
583 4042 687 4110 LXIV
707 4049 764 4109 aut
783 4043 949 4110 LXXXIV
966 4044 1096 4109 litterae
1114 4044 1246 4109 relictae
1266 4044 1342 4108 sint.
1367 4039 1438 4106 Hinc

309 4152 411 4236 igitur
439 4151 554 4216 saltem
581 4150 644 4216 hoc
672 4155 760 4216 certo
788 4149 1006 4236 cognoscitur,
1038 4173 1103 4216 non
1135 4151 1240 4236 magis
1269 4148 1436 4215 Corneliam

310 4279 407 4341 quam
425 4256 604 4322 Antoniam
627 4279 727 4322 unum
749 4257 917 4322 dumtaxat
939 4257 990 4322 vel
1014 4256 1077 4322 duo
1100 4259 1269 4342 rogatores
1291 4255 1438 4322 habuisse.

311 4361 398 4438 Quot
419 4363 554 4444 fuerint,
577 4365 640 4430 etsi
663 4386 722 4430 sua
740 4369 855 4448 sponte
874 4363 1074 4449 intellegitur
1091 4364 1210 4429 certius
1228 4363 1354 4428 definiri
1371 4355 1436 4424 mul·

311 4469 354 4532 tis
378 4468 416 4532 de
440 4470 564 4535 caussis
581 4492 646 4536 nou
664 4493 769 4555 posse,
791 4468 980 4554 praesertim
995 4470 1029 4534 in
1047 4470 1103 4535 illa
1122 4491 1220 4555 quam
1239 4469 1301 4534 iam
1317 4467 1436 4535 Momm·
