3048 5144
149 403 301 452 vocatus
324 405 528 452 anurnnnrs
553 407 597 451 nr
630 405 661 452 u.
685 407 805 454 acerva
830 407 1086 455 annarnurrovs.
1134 389 1196 454 159

79 546 194 610 arbitror
219 568 374 612 eesasueu
402 549 473 631 ipae
505 549 738 632 interpretatus
767 571 870 633 panea
899 549 972 613 aliis
1000 547 1197 633 expedienda

79 651 192 736 reliquit
235 653 313 719 Non
345 677 403 738 pro
430 656 509 736 [laio
541 656 697 736 confluent
728 677 798 720 esee
830 655 864 720 in
897 656 1025 720 decreto
1059 655 1196 720 Genuati
1211 674 1237 713 aa

80 755 209 823 FLOVIO
237 757 530 828 CONFLOVONT
562 762 698 845 formas,
731 763 788 826 sed
819 785 880 846 pro
907 763 998 844 flooio
1020 763 1197 844 confluerent,

79 887 127 929 non
146 867 244 951 magis
273 868 327 951 qni
352 869 459 952 sapiat
486 870 622 952 negabit
649 891 745 953 quam
774 891 833 953 pro
863 871 1018 935 VItrooiua
1046 871 1197 935 Ioventio-

79 992 130 1034 arar
148 973 228 1038 Ioeei
250 972 440 1056 accipienda
466 996 537 1038 esse
565 997 647 1059 quae
676 975 710 1039 in
739 974 764 1040 I.
791 975 830 1040 a.
854 973 894 1040 N.
925 975 1008 1040 1957
1039 953 1137 1055 [021.
1162 974 1196 1038 L.

78 1078 89 1141 I
106 1100 130 1143 u.
152 1081 244 1166 12273
266 1079 302 1144 P.
321 1079 358 1144 L.
376 1081 418 1145 M.
436 1080 476 1148 Ε.
497 1084 564 1147 tab.
587 1081 741 1146 LXXVII
756 1082 818 1165 B];
842 1083 876 1146 in
899 1104 973 1146 aere
992 1080 1140 1165 Genuati,
1163 1081 1197 1144 in

77 1185 182 1250 decreto
202 1188 282 1271 pagi
304 1187 501 1253 Herculanei
525 1186 574 1264 [C.
597 1188 622 1252 I.
646 1189 682 1252 L.
705 1188 721 1252 I
745 1212 775 1253 n.
795 1190 874 1271 5713
898 1189 932 1254 P.
952 1186 987 1253 L.
1007 1187 1049 1252 M.
1067 1187 1106 1253 Ε.
1130 1188 1196 1252 tab.

79 1289 157 1374 LXV]
179 1292 416 1360 VITROVIVS
445 1294 758 1363 IOVENTIONEM
787 1294 947 1380 lovan)
977 1295 1098 1379 scripta
1122 1299 1197 1358 sunt

78 1419 132 1462 eun
163 1399 323 1464 similibus
355 1401 480 1484 multis,
520 1423 586 1466 non
617 1423 677 1485 pro
716 1401 858 1465 Vereins
885 1401 1079 1465 Iaeationem
1111 1401 1196 1465 laert:

77 1506 184 1569 tametsi
218 1507 393 1590 aliquando
431 1508 529 1572 etiam
566 1505 696 1572 FLVIO
729 1527 799 1571 esse
831 1507 974 1590 positum
1007 1507 1074 1570 seio
1107 1506 1138 1570 h.
1171 1528 1196 1570 e.

77 1619 162 1676 tanen
179 1615 264 1698 (Idm,
287 1636 356 1678 non
382 1615 473 1698 stato,
500 1615 686 1699 pariterque
708 1615 853 1678 latentius
879 1613 1030 1696 Pontias,
1057 1618 1094 1677 ut
1120 1635 1198 1678 noas

76 1739 144 1782 oasa
164 1743 219 1803 pro
245 1741 342 1786 nouos
368 1742 487 1786 oenone:
514 1725 584 1787 turn
612 1721 758 1805 quidem,
786 1742 858 1785 eum
890 1720 1024 1784 mallent
1045 1742 1068 1783 a
1091 1721 1196 1785 vocali

77 1845 150 1906 quam
170 1827 401 1893 obsoletioreo
426 1829 472 1892 uti
501 1833 534 1892 et
562 1831 672 1892 tamen
695 1827 799 1892 vitare
824 1827 874 1891 vel
902 1848 942 1890 rra
966 1827 1016 1891 vel
1043 1849 1082 1891 aar
1111 1828 1196 1891 litte-

77 1953 161 1996 rarum
182 1956 385 1999 coneursum.
417 1933 564 1999 Eandem
588 1934 809 2000 eondioionem
830 1955 899 1997 esse
919 1929 1054 1998 SOVOS
1073 1933 1197 1997 formae

77 2045 194 2123 apparet,
216 2047 334 2127 qnater
352 2040 417 2104 nisi
435 2041 531 2105 fallor
549 2040 645 2106 hodie
664 2041 837 2106 exstantis:
861 2040 895 2103 in
916 2039 1196 2126 vetustissimo**)

77 2146 149 2210 titulo
170 2147 299 2215 Lucano
324 2148 347 2213 L
372 2149 408 2212 R.
432 2147 472 2212 N.
495 2148 559 2212 299
586 2147 633 2229 [Ο.
659 2147 684 2213 Ι.
708 2148 782 2214 L.·I
804 2171 836 2212 n.
863 2147 960 2232 125&
984 2147 1019 2210 P.
1043 2146 1078 2211 L.
1097 2147 1140 2212 M.
1158 2147 1196 2212 II.

76 2251 125 2317 tab.
144 2253 208 2320 LIX
221 2257 271 2338 F]
296 2254 469 2320 leIBREIS
493 2253 657 2340 SOVEIS,
680 2255 715 2319 in
733 2253 914 2339 antiquiore
938 2253 1036 2318 etiam
1056 2257 1092 2318 ut
1111 2255 1195 2319 vide·

76 2367 115 2421 tur
136 2363 365 2447 epigrammate
392 2363 596 2427 Amiternino
624 2362 712 2426 5882
740 2360 808 2444 (Or.
830 2361 918 2425 2623
948 2359 996 2442 [O.
1018 2360 1044 2424 I.
1067 2361 1103 2426 L.
1125 2361 1141 2425 Ι
1164 2385 1195 2427 u.

79 2467 153 2550 12973
174 2468 205 2532 P.
227 2467 263 2534 L.
287 2467 333 2534 M.
357 2469 395 2533 Ε.
419 2470 485 2534 tab.
508 2467 613 2532 XLIX
632 2468 693 2552 GJ)
717 2466 871 2532 SOVEIS
900 2465 1057 2550 NVGES‚
1080 2467 1115 2532 in
1133 2467 1196 2531 Ro·

78 2593 151 2636 uano
181 2573 314 2641 Gmteri
345 2599 376 2660 p.
410 2576 487 2659 769,
519 2576 540 2640 9
573 2573 640 2661 (οτ.
672 2577 760 2641 4848
794 2575 843 2658 [L.
865 2573 890 2638 Ι.
913 2573 949 2637 L.
981 2573 1051 2638 ln.
1083 2575 1197 2659 10071)

99 2699 261 2711 κῇ·-

143 2749 165 2816 ⁸)
182 2748 336 2806 Genetivus
354 2751 401 2805 bie
415 2753 458 2805 est
472 2768 489 2804 a
503 2749 677 2806 nominativo
692 2751 797 2816 Ionius,
816 2766 898 2818 quem
913 2765 1010 2803 reeens
1025 2749 1196 2804 consuetudo

78 2833 155 2891 turias
170 2838 274 2908 efferat,
294 2841 395 2894 duetus
413 2839 449 2894 ab
467 2841 587 2895 tonando
605 2839 633 2895 h.
648 2857 671 2894 a.
686 2840 816 2894 iuvando.
846 2839 919 2892 Nam
933 2839 1046 2908 praeter
1058 2837 1196 2893 rationem

77 2922 152 2978 MVEI
168 2927 235 2981 illud
254 2929 285 2982 in
305 2928 420 2983 decreto
437 2930 503 2998 pagi
522 2927 689 2983 Herculanei
708 2925 898 2995 Goettlingiue
917 2945 943 2995 p.
964 2933 978 2981 7
997 2926 1197 2996 iuterpretatur

78 3011 135 3068 tais
148 3017 317 3086 genetivum,
337 3015 412 3084 quod
429 3016 488 3070 fieri
508 3015 586 3069 nullo
605 3016 688 3069 modo
705 3019 807 3085 potest.
844 3013 896 3084 [cf.
912 3015 942 3067 P.
957 3015 987 3068 L.
1002 3016 1039 3070 M.
1055 3017 1085 3070 Ε.
1101 3016 1195 3074 Enarr.

78 3119 96 3168 p.
107 3110 145 3159 58:
162 3107 272 3162 ‘IOVEI
292 3125 319 3160 v.
335 3111 360 3162 2.
376 3112 390 3160 7
410 3105 469 3158 fieri
483 3105 562 3159 nullo
581 3103 665 3158 modo
683 3106 778 3173 potest
796 3106 827 3158 ut
841 3103 919 3158 Iovis
933 3104 1117 3174 interpretare
1132 3124 1195 3160 curn

78 3191 222 3266 Goetttingio
240 3215 269 3266 p.
291 3201 339 3249 71:
365 3195 474 3248 loeium
492 3209 652 3262 eorapapum
667 3193 722 3247 diei
742 3191 823 3260 quasi
850 3191 971 3260 aliquem
992 3194 1109 3249 Genium
1127 3211 1195 3249 eom-

79 3297 157 3336 nuaem
173 3286 349 3340 Mommsenio
368 3283 436 3338 duce
455 3283 566 3352 (indicia
581 3301 607 3352 p.
627 3285 690 3350 465)
709 3281 865 3352 significavi
878 3281 953 3337 Mon.
968 3283 1056 3352 epigr.
1070 3285 1104 3338 tr.
1120 3302 1146 3352 p.
1162 3291 1195 3337 35

78 3369 134 3424 oda:
153 3377 183 3426 ut
203 3371 377 3428 substantivi
399 3370 519 3426 nominis
543 3377 672 3425 naturam
696 3371 770 3425 idem
790 3371 958 3424 vocabulum
981 3370 1104 3426 induerit
1122 3373 1196 3440 quod

78 3473 113 3522 pre
127 3461 255 3516 adieetiro
276 3463 322 3516 est
342 3460 373 3514 in
390 3460 611 3516 MAGISTREIS
627 3490 633 3501 -
652 3458 824 3514 VENERVS
840 3489 847 3500 ·
866 3459 991 3514 IOVIAE
1010 3461 1102 3516 verbis
1119 3461 1196 3515 tituli

79 3543 199 3614 capuensis
217 3552 277 3606 tab.
291 3550 383 3603 LXIII
396 3551 442 3606 A!
478 3549 507 3603 O.
521 3549 579 3619 W]
613 3548 672 3602 Nee
690 3549 750 3618 ipse
764 3565 836 3602 nuno
851 3549 933 3603 teneo
948 3549 1023 3618 quod
1037 3551 1067 3604 in
1082 3550 1195 3620 speculo

79 3631 167 3692 Etrusco
180 3640 220 3710 [P.
231 3641 263 3694 L.
274 3639 314 3694 M.
325 3639 355 3694 Ε.
366 3640 423 3694 tab.
438 3639 492 3707 16,
507 3638 535 3692 C.
548 3639 568 3692 1.
578 3637 608 3692 L.
626 3640 637 3691 1
651 3655 677 3691 n.
693 3639 739 3708 56]
755 3638 890 3707 seriptum
904 3637 1003 3693 IOVEI
1019 3655 1106 3707 nuper
1120 3637 1196 3692 volui

79 3719 111 3788 {de
124 3725 198 3782 titulo
216 3729 336 3782 Momm.
355 3746 381 3796 p.
398 3727 462 3782 XVI
476 3731 571 3798 (supra
589 3745 617 3797 p.
628 3727 703 3799 110)]
717 3727 801 3781 devia
815 3726 910 3796 (idque
929 3725 1111 3794 nominativo)
1128 3743 1196 3794 esse,

79 3813 110 3864 sed
126 3815 212 3871 Ottoui
231 3817 335 3872 Iahnio
353 3817 420 3871 cedo
440 3816 565 3871 dativum
581 3815 678 3870 subtili
692 3815 906 3870 ratiocinatione
921 3815 1083 3871 defendenti
1098 3831 1196 3868 oomni.

79 3899 102 3952 de
115 3903 175 3959 cista
188 3905 375 3962 Ficoroniraua
392 3925 419 3975 p.
434 3911 475 3960 58.
514 3905 565 3974 [of.
581 3905 677 3959 Enarr.
698 3901 724 3974 p.
740 3911 755 3958 3
772 3908 801 3959 et
816 3904 913 3975 Suppl.
929 3903 1025 3959 Enarr.
1044 3923 1071 3974 p.
1087 3909 1129 3972 99,
1149 3905 1197 3958 ubi

79 3987 128 4044 haee
149 3995 256 4063 scripsit
273 3995 461 4050 Ritsehelius:
486 3995 571 4063 ‘quod
590 3993 690 4048 IOVEI
708 3993 910 4064 interpretatus
929 4011 990 4048 sum
1009 3992 1143 4060 dativum,
1161 4009 1196 4046 ne

80 4093 131 4133 nuno
147 4069 256 4150 puidam
275 4087 364 4138 muto.
383 4084 442 4138 Nee
460 4084 535 4138 enIm
554 4085 601 4138 vel
618 4083 653 4137 de
671 4083 725 4137 bae
738 4083 830 4138 forma
844 4082 889 4137 vel
904 4083 939 4137 de
953 4080 1196 4136 ALIXL'NTROM

79 4159 99 4216 a
116 4167 233 4241 Fasque
261 4173 409 4227 nrovuu
433 4173 490 4228 ab.
516 4173 554 4226 xr
567 4173 604 4226 ar
631 4171 815 4228 anscausus
843 4172 982 4242 persuasa
1008 4170 1196 4226 nominativos

81 4259 124 4318 909
139 4259 202 4314 alios
224 4261 414 4330 interpretans
433 4278 528 4315 omues
546 4260 636 4314 Musei
655 4261 743 4314 Rhen.
767 4264 788 4316 t.
807 4259 859 4314 XV
877 4279 905 4330 p.
925 4266 977 4314 444
996 4261 1048 4330 sq.’
1087 4260 1117 4315 C.
1137 4260 1195 4332 W.]

21 4399 22 4424 p
130 4346 166 4414 ’ἢ
183 4349 234 4421 [cf.
258 4351 290 4406 P.
315 4349 345 4405 L.
370 4349 406 4404 M.
431 4350 461 4404 Ε.
487 4350 582 4406 Enarr.
601 4368 629 4418 p.
649 4355 694 4404 52:
721 4349 958 4404 ‘Vetustissimanr
982 4367 1045 4404 eum
1068 4348 1195 4402 dicebam
1265 4405 1269 4414 ⁴

21 4505 22 4548 1
81 4429 339 4594 {essiffemmsffln'
354 4443 389 4494 tr.
403 4457 428 4507 p.
446 4445 489 4502 35,
504 4456 558 4492 non
572 4436 755 4507 posteriorem
771 4439 845 4491 oerte
860 4455 932 4492 anno
947 4444 998 4492 6‘20
1013 4437 1194 4506 cogitabam)
