3074 5138
313 325 378 389 498
461 353 464 360 ·
550 338 694 389 cursona
718 339 941 388 usrminsms
964 339 1222 388 arroenemcsn

927 485 1139 550 testarentur:
1161 482 1196 546 id
1211 483 1385 566 quodcum
1403 505 1454 566 per

928 613 961 658 se
980 590 1186 654 verissimum
1200 589 1258 672 sit,
1280 593 1353 653 tum
1371 611 1454 672 pror-

928 720 982 762 sus
1019 717 1104 782 nunc
1140 697 1370 760 confirmatum
1411 702 1455 758 est

928 803 1093 887 adscripto
1123 803 1156 867 in
1184 802 1348 867 fastorum
1376 801 1455 886 frag-

928 913 1038 976 mento
1052 908 1161 974 Fcano
1181 909 1222 972 cd
1236 931 1264 973 a
1275 908 1342 972 537
1362 909 1388 975 Π
1405 929 1455 970 nu-

857 1001 860 1008 ’
928 1039 1026 1080 mero.
1050 1015 1173 1080 Verum
1187 1037 1226 1080 eo
1241 999 1455 1098 tamen'argu·

928 1127 1039 1188 mento
1061 1123 1154 1187 illam
1177 1122 1211 1187 in
1232 1125 1363 1206 partem
1382 1119 1457 1183 nihil

927 1217 1063 1313 probari
1080 1229 1175 1293 facile
1195 1233 1344 1313 apparet,
1366 1247 1456 1310 appa·

928 1340 978 1401 ret
1001 1341 1110 1401 autem
1133 1357 1171 1400 eo
1195 1333 1456 1415 evidentiusque

929 1443 1099 1508 certiorem
1121 1440 1286 1506 iudicandi
1311 1440 1397 1504 viam
1414 1439 1456 1521 ip·

929 1550 997 1614 sius
1031 1547 1198 1614 Plutarchi
1235 1547 1339 1612 verba
1374 1567 1457 1610 mon·

930 1659 1036 1721 strant
1058 1655 1147 1722 obeat
1167 1655 1299 1734 ἑτέρου(
1320 1655 1456 1728 κατέπη-

930 1783 1000 1827 cov:
1045 1783 1128 1847 quae
1161 1783 1234 1826 cum
1266 1759 1459 1844 neglexisset

930 1867 1093 1953 Sigonius,
1107 1867 1146 1931 de
1161 1867 1350 1952 interregno
1366 1864 1458 1930 dicta-

930 1979 1034 2038 torem
1062 1973 1243 2057 excipiente
1270 1975 1351 2058 post
1378 1969 1457 2035 abdi·

931 2081 1092 2146 cationem
1136 2080 1315 2164 cogitabat.
1383 2076 1458 2153 Quid

877 2221 884 2234 ·
931 2187 1040 2252 enim?
1072 2209 1179 2252 nonne
1207 2207 1325 2250 caussa
1348 2183 1457 2250 erroris

877 2342 884 2356 .
932 2291 1175 2358 siveValeriani
1189 2289 1459 2366 sivePlutarchei‚

877 2461 884 2476 ,
932 2401 1064 2484 eiusque
1088 2399 1169 2465 satis
1187 2399 1353 2484 proclivis,
1375 2417 1458 2480 pror-

878 2581 884 2594 ·
932 2529 987 2571 sus
1024 2507 1059 2570 in
1094 2505 1269 2590 propatulo
1309 2507 1372 2587 est,
1409 2501 1458 2565 ubi

679 1259 685 1272 -
660 897 694 1230 CAVSSA

342 1159 376 1431 COMIT
360 1123 366 1136 ·
342 919 375 1104 HAB
360 884 367 896 -
341 531 376 860 CAVSSA

746 3423 780 3662 VITIO
764 3387 771 3400 -
745 3108 779 3368 FACTI
764 3076 770 3088 -
744 2483 778 3057 ABDICARVNT
763 2447 769 2459 ·
745 2329 778 2428 IN
762 2294 770 2307 -
744 1965 778 2275 EORVM
762 1929 768 1941 -
742 1617 777 1908 LOCVM
761 1583 766 1596 ·
741 1303 775 1562 FAOTI
759 1272 766 1283 -
740 1018 774 1247 SVNT

317 1497 350 1699 DICT

795 1398 829 1604 DICT

849 1517 882 1710 MAG
867 1475 874 1488 -
848 1330 888 1447 EQ

370 1665 403 1856 MAG
388 1631 395 1646 -
370 1497 409 1612 EQ

662 1555 696 1823 COMIT
679 1516 686 1528 -
661 1303 694 1487 HAB

475 1602 510 1832 DIOT

530 1768 563 1976 MAG
548 1726 554 1738 —
529 1569 568 1696 EQ

636 2039 670 2244 DICT

691 2061 724 2253 MAG
708 2017 716 2033 -
690 1874 729 1988 EQ

931 2613 1091 2679 fastorum
1119 2611 1310 2676 memoriam
1340 2615 1396 2675 ant
1416 2613 1457 2672 to·

930 2719 993 2785 lem
1019 2719 1127 2783 animo
1150 2716 1391 2782 informaveris:

1092 2825 1179 2904 [vide
1198 2823 1303 2904 iuxta]

878 2941 885 2954 '
930 2929 976 2996 Et
993 2929 1079 3016 hanc
1097 2929 1226 3020 quidem
1245 2931 1384 2996 alteram
1399 2949 1462 2994 non·

878 3061 884 3074 ·
931 3037 1030 3102 mirer
1062 3037 1091 3102 si
1118 3038 1190 3121 quis
1225 3059 1262 3102 eo
1297 3057 1458 3123 argumen-

878 3180 885 3194 ·
931 3147 965 3208 to
1007 3143 1223 3222 commendet,
1265 3166 1331 3228 quo
1373 3141 1457 3208 video

878 3299 885 3314 .
931 3249 1117 3316 Haakhium
1140 3271 1234 3315 usum
1257 3248 1292 3315 in
1309 3250 1459 3334 Encyclo·

878 3419 885 3434 ,
931 3357 1066 3441 paulice
1093 3355 1277 3440 Paulyanaa
1311 3355 1406 3422 affl
1430 3377 1457 3438 p.

878 3537 885 3552 .
931 3464 998 3528 480
1016 3467 1053 3528 ut
1071 3463 1167 3528 fidem
1177 3461 1314 3530 Valerio
1333 3464 1457 3528 omnino

933 3591 1002 3634 esse
1039 3567 1257 3655 derogandam
1294 3569 1457 3654 probaret:

638 2933 672 3194 -O-F-
639 2815 658 2850 *
639 2671 671 2734 N

422 965 455 1018 Β

421 1025 454 1083 Z

422 1085 455 1144 β

421 1148 455 1192 ω

423 1251 455 1280 ιιι-ι

423 1283 455 1336 Β

423 1337 456 1386 0

422 1389 456 1446 <t

423 1451 455 1504 [ἢ

423 1573 455 1641 Σ

423 1647 454 1700 t>

423 1707 456 1758 Ο

424 1763 456 1818 0

424 1821 456 1874 Α

424 1929 457 1996 Σ

424 2003 456 2059 ζ)

425 2063 457 2120 0}

424 2123 457 2176 Ο

425 2183 457 2240 {³2

425 2297 458 2358 Z

425 2361 458 2393 με

425 2463 458 2517 Β

425 2525 458 2583 Z

425 2585 459 2645 t>

426 2647 459 2706 td

426 2711 458 2768 <t

424 2771 458 2823 0

425 2827 458 2859 Η

426 2863 458 2922 0

426 2926 458 2980 m

427 2985 459 3044 <t

426 3100 458 3132 μη

426 3137 458 3190 Β

425 3193 458 3244 0

426 3248 458 3307 *a*

426 3311 459 3364 {11

426 3420 460 3472 Ο

427 3477 459 3508 Η

427 3509 459 3562 [¹¹¹

427 3565 459 3597 Η

427 3603 459 3659 >

321 3735 359 3788 Q
320 3377 354 3720 -FABIVS
338 3352 345 3365 ·
319 3285 359 3338 Q
338 3258 344 3270 -
319 3195 353 3246 F
337 3168 344 3180 -
320 3103 358 3155 Q
320 3001 353 3087 -N
337 2975 344 2988 ·
318 2554 352 2963 MAXIMVS
336 2527 343 2541 -
316 1892 351 2515 VERRVOOSSVS

372 2781 407 3788 O·FLAm*1VS·C-F-L-N

800 3740 839 3793 Q
818 3695 824 3706 -
799 3350 833 3666 FABIVS
817 3315 824 3327 —
799 3239 838 3292 Q
817 3202 824 3215 -
799 3130 831 3183 F
817 3097 823 3110 -
798 3020 838 3073 Q
817 2985 823 2998 ·
799 2902 831 2965 N
817 2868 823 2881 -
798 2437 832 2846 MAXIMVS
796 1774 831 2421 -VERRVCOSSVS

478 2927 512 3791 M-MINVCIVS-C-F·
491 2811 509 2845 *
478 2667 511 2731 N

634 3223 673 3792 M·M1NVCIVS

691 2671 726 3792 O·FLAM1NIVS·O·F·L·N

587 3521 619 3724 hence
598 3495 618 3510 2

933 3675 1051 3760 quippe
1065 3697 1181 3758 parum
1195 3674 1300 3740 simile
1314 3677 1380 3741 veri
1393 3696 1457 3739 esse

878 3779 886 3793 '
933 3781 974 3846 cb
989 3781 1196 3866 optimatium
1210 3781 1356 3866 principe
1363 3780 1456 3848 Fabio

932 3886 1105 3953 eorundem
1136 3887 1330 3952 acerrimum
1357 3887 1458 3954 adver-

321 3991 441 4058 sarium
455 3989 652 4059 Flaminium
671 4016 740 4059 esse
755 3994 949 4080 magistrum
963 3995 1108 4079 equitum
1122 3993 1185 4059 sibi
1200 3995 1369 4060 sociatum.
1390 3991 1455 4058 Tuli

320 4103 429 4164 tamen
451 4101 660 4185 ratiunculae,
683 4104 719 4166 ut
737 4125 848 4166 verum
866 4101 1037 4184 fateamur,
1055 4122 1120 4166 non
1143 4104 1273 4166 tantum
1292 4101 1455 4166 tribuimus

321 4211 396 4288 quin
415 4206 520 4288 possit
537 4210 650 4271 contra
669 4207 796 4272 sentiri:
821 4207 949 4292 quando
969 4212 1150 4292 temporum
1172 4207 1303 4272 illorum
1322 4207 1455 4272 rationes
1525 4187 1526 4204 ³

320 4313 514 4378 rimantibus
538 4335 605 4379 non
627 4335 725 4378 unam
748 4337 895 4379 caussam
920 4315 970 4380 vel
994 4313 1140 4379 condicio
1163 4335 1271 4379 rerum
1290 4313 1343 4378 vel
1361 4312 1454 4396 ipsius

321 4441 427 4484 mores
442 4419 534 4484 Fabii
549 4425 737 4506 suggerunt,
749 4441 831 4505 quaa
844 4420 986 4486 bominis
1001 4419 1169 4505 popularis
1184 4419 1380 4486 creationem
1394 4419 1455 4484 sive

589 3766 620 3879 aut
