3048 5144
427 401 632 450 assensuum
657 402 832 450 sonsuvu.
1136 385 1197 450 139

89 547 217 628 affirm:
239 545 283 610 ita
305 543 436 631 quidem
458 567 596 610 novasse
611 543 731 611 Cacsar
753 545 792 610 de
817 568 874 612 suo
898 544 1075 610 credendus
1099 545 1143 610 sit
1165 545 1200 610 in

89 652 228 737 singulari,
250 652 333 736 quod
352 653 510 717 usitatum
529 653 596 718 ullo
611 657 756 738 tempore
772 652 871 717 fuisse
886 652 1082 737 ignoremus.
1114 651 1199 718 Nam

89 758 154 843 quod
174 759 338 824 secundum
363 759 504 825 codicem
528 758 669 825 Charisii
695 781 762 825 non
790 757 913 825 babent
937 782 1014 825 sane
1041 762 1104 827 ruisi
1125 763 1200 843 qaia

90 867 175 950 rerba,
199 865 228 930 b.
247 889 272 932 c.
292 867 357 931 asa
378 869 471 952 qaod,
498 889 562 951 quo
587 867 666 932 satis
679 871 777 932 recte
799 865 912 932 referri
936 867 1037 934 dicas:
1071 867 1199 932 interci-

88 972 153 1036 disse
172 972 273 1057 potius
296 973 420 1060 aliquid
439 973 607 1060 probabile
626 978 688 1058 cst,
711 996 774 1058 quo
789 995 855 1040 non
868 974 931 1040 hoc
945 977 1081 1058 tantum,
1104 975 1200 1058 quale

89 1079 272 1164 conpositum
294 1080 578 1165 sehmaofaceret,
602 1080 783 1165 sedetiam,
807 1080 900 1167 quale
923 1083 936 1145 a'
959 1079 1014 1167 (ei,
1036 1080 1079 1167 ii)
1104 1080 1200 1146 barai-

89 1207 132 1269 uas,
150 1186 305 1274 diceretur,
329 1188 399 1253 sive
422 1187 456 1252 id
479 1189 558 1254 ittera
576 1187 616 1252 de
634 1187 841 1272 grammatici
860 1188 1022 1253 sententia
1040 1189 1118 1253 item
1138 1187 1154 1252 f
1177 1187 1201 1252 't

44 1379 47 1390 ¹
89 1293 138 1358 sive
156 1295 241 1360 cidem
263 1296 330 1359 siue
353 1292 493 1380 iidcrn.*)

155 1399 208 1466 llis
237 1408 344 1467 autem
374 1402 422 1466 ita
448 1403 498 1467 uti
525 1401 660 1468 fecimus
688 1402 864 1486 exploratis
897 1401 962 1468 iam
990 1424 1057 1468 non
1084 1424 1200 1487 anceps

88 1531 139 1572 csse
162 1509 196 1574 de
220 1508 368 1575 Bentleio
396 1509 547 1574 iudicium
576 1513 699 1593 potest,
731 1509 809 1594 quin
841 1507 898 1574 illa
926 1509 960 1574 in
986 1508 1135 1574 Elunuohi
1158 1509 1201 1593 II,

87 1615 109 1694 t,
122 1615 156 1678 38
176 1619 296 1700 practer
319 1617 480 1682 rationem
494 1615 654 1681 Prisciani
671 1614 736 1680 ΧΠ
758 1639 789 1700 p.
804 1615 869 1681 948
893 1615 954 1683 hoe
977 1595 1200 1682 testimonium

86 1721 216 1788 reiecerit:
237 1724 442 1788 intrariaatar
456 1727 558 1788 tamea
576 1725 669 1788 ettam
682 1723 913 1788 noraiaatr'aam
925 1724 1081 1806 pluralem
1104 1723 1202 1789 tesca

83 1827 240 1908 prolectatae
264 1831 403 1914 ardtqat,
429 1834 464 1895 at
488 1829 648 1894 Terentiae
675 1830 708 1894 ta
730 1829 883 1896 &nacto
910 1830 1008 1896 hisae
1033 1831 1097 1896 boc
1126 1851 1200 1895 ma·

88 1937 150 1999 acre
171 1938 407 2002 arbitrantur
437 1957 541 2002 saara
572 1935 746 2001 Thaidem
777 1957 868 2002 csse:
900 1959 981 2022 quae
1009 1937 1108 2002 verba
1134 1941 1200 2001 tur·

87 2039 150 2122 pitcr
167 2065 291 2126 pessum
315 2043 405 2109 dedit
427 2043 600 2129 theologus
623 2042 803 2127 Lipsiensis
826 2042 882 2108 tl
906 2066 936 2128 p.
955 2043 1030 2109 554.
1068 2042 1114 2108 Vt
1136 2063 1201 2108 non

87 2152 187 2214 tantum
212 2151 267 2216 ubi
293 2151 372 2216 libri
403 2155 583 2234 servarunt,
616 2149 673 2215 sed
706 2149 804 2214 etiam
837 2149 1030 2234 quibusdam
1063 2149 1135 2214 aliis
1168 2148 1202 2214 in

87 2253 147 2319 loris
167 2277 233 2321 cum
256 2257 374 2323 Plauto
401 2262 472 2322 tum
495 2256 648 2324 Terentio
677 2257 734 2321 ille
759 2256 840 2323 la'scc
867 2257 1087 2323 nominativus
1115 2256 1201 2321 baud

88 2359 256 2429 haesitanter
278 2364 497 2430 restituendus
521 2365 573 2429 sit.
624 2362 716 2439 Quod
740 2363 818 2448 quia
845 2385 916 2428 cum
945 2363 1018 2430 aliis
1042 2363 1202 2448 quaestio·

87 2466 159 2534 uibus
187 2474 392 2538 coniunctum
425 2475 489 2555 eet,
520 2471 611 2536 velut
643 2470 682 2535 de
709 2471 806 2536 illisae
832 2469 939 2536 forma
966 2470 1119 2536 Plautina
1150 2468 1203 2557 (ut

88 2569 160 2640 llost
176 2577 260 2664 510),
283 2579 337 2644 hic
351 2578 468 2644 leviter
481 2576 710 2662 perstrinxisse
734 2577 814 2642 satis
828 2577 943 2662 habeo,
960 2577 1038 2642 alibi
1052 2579 1201 2646 tractabo

88 2683 208 2748 curatus.
229 2720 273 2732 -
296 2684 420 2751 Verum
443 2689 554 2750 tamen
576 2683 629 2748 his
657 2682 808 2750 omnibus
836 2684 979 2749 nondum
1009 2685 1089 2750 satis
1113 2707 1203 2770 prae-

88 2785 142 2851 sidii
163 2795 306 2874 paratum
337 2792 430 2858 video
458 2793 592 2858 laetitias
613 2792 786 2875 taspcratas
813 2791 1038 2878 nominativis,
1065 2814 1145 2877 quos
1169 2795 1203 2858 in

89 2891 281 2963 Atellanarum
312 2899 480 2984 scriptoris
507 2897 679 2984 Pomponii
707 2898 792 2984 apud
818 2897 962 2964 Nonium
989 2921 1021 2982 p.
1043 2897 1109 2963 500
1141 2899 1203 2965 hoc

89 3004 254 3084 septenario:
280 3005 370 3086 erdd
386 3004 500 3092 (immo
517 3004 614 3091 ant)
635 3007 769 3070 laetitias
791 3007 965 3088 insperatas
986 3004 1074 3070 arado
1092 3007 1138 3072 mi
1155 3008 1202 3072 irr-

88 3127 179 3187 epsere
197 3114 232 3176 ta
249 3114 355 3178 staram
374 3112 505 3198 qnidam
524 3111 698 3198 indagasse
718 3111 782 3176 sibi
798 3112 859 3176 visi
879 3117 955 3178 sunt
973 3114 1048 3197 post
1061 3112 1202 3182 Hartun-

88 3231 151 3294 gum.
174 3215 257 3283 Nam
271 3223 309 3284 ut
326 3221 451 3284 taceam
471 3219 556 3305 quod
575 3219 661 3285 inter
674 3218 826 3284 Plautum
841 3218 1092 3305 Terentiumque
1107 3224 1204 3306 atque

89 3316 228 3406 Pomponii
251 3330 394 3391 aetatem
417 3327 573 3411 temporis
596 3326 804 3392 intervallum
831 3325 1016 3410 intercedit,
1047 3327 1083 3392 in
1111 3331 1204 3392 tanta

89 3430 279 3513 exemplorum
302 3432 509 3499 multitudine
539 3456 580 3499 ne
603 3455 703 3499 unum
726 3432 855 3517 quidem
877 3432 980 3498 habes
1003 3432 1043 3498 ad
1066 3433 1203 3518 primam

88 3530 309 3604 declinationem
333 3541 512 3624 pertinens:
539 3541 573 3605 in
597 3564 660 3626 qua
689 3541 716 3604 si
745 3540 823 3605 item
845 3560 862 3605 a
884 3539 1028 3605 litteram
1052 3563 1203 3625 umquam

89 3643 157 3706 vetus
177 3644 286 3732 lingua
311 3647 464 3732 servavit,
492 3651 528 3712 ut
551 3649 601 3714 est
624 3669 701 3713 rane
724 3669 855 3731 prorsus
880 3646 1043 3730 credibile,
1071 3646 1149 3711 fecit
1171 3646 1204 3711 id

89 3747 179 3815 saltem
201 3752 245 3817 cis
270 3754 472 3839 temporibus
499 3777 581 3839 quae
604 3753 904 3839 antiquissimorum
928 3757 1070 3819 aetatem
1092 3775 1204 3817 monu-

90 3861 242 3925 mentorum
271 3865 436 3945 superant.
485 3861 665 3946 Pomponio
695 3859 798 3946 igitur
830 3860 882 3926 vix
911 3860 1024 3925 dubito
1057 3857 1204 3943 equidem

89 3961 146 4041 ‘tub
165 3987 219 4048 pro
241 3967 328 4032 veris
351 3967 543 4033 accusativis
567 3969 701 4033 tretilius
724 3968 897 4050 imperatas
919 3967 1050 4051 fuerint,
1074 3987 1204 4051 suspen·

90 4066 276 4140 eiseverbo
309 4075 481 4140 transitivo
509 4097 581 4140 oum
610 4074 718 4159 aliquo
752 4075 837 4159 quod
870 4074 1100 4158 praecessisset
1131 4073 1205 4138 sub-

91 4227 272 4244 ''Q——

156 4336 285 4410 'lfflaec
309 4338 465 4396 accuratius
488 4339 628 4410 exposuit,
641 4307 725 4394 et'ex
744 4341 823 4410 parte
847 4338 1012 4394 retractavit
1036 4311 1206 4394 Ritschelius

93 4419 125 4474 'de
139 4425 198 4481 idem
215 4429 299 4484 isdem
317 4429 488 4498 pronominis
505 4429 615 4486 tormis’
633 4429 766 4498 (prooem.
781 4428 837 4483 ind.
852 4428 916 4484 lect
926 4427 1013 4484 Bonn.
1029 4427 1086 4482 hib.
1102 4444 1126 4484 a.
1136 4433 1205 4483 1⁸55

92 4514 162 4582 att,
178 4515 246 4574 infra
265 4536 290 4573 n.
311 4516 388 4586 Xlll)
406 4535 432 4587 p.
451 4519 490 4574 Ill
504 4537 544 4588 sq.
582 4517 612 4574 C.
627 4517 684 4587 W.]
