3062 5142
308 425 353 470 ns
378 422 556 471 saevusne
581 423 762 472 svnlonvu
787 423 1003 472 svscvnnso.
1161 405 1224 470 259

160 562 243 629 Post
267 563 352 630 haec
375 569 482 631 autem
505 569 654 650 tempora
678 566 717 632 ad
740 567 921 652 principem
943 565 1068 630 fontem
1091 563 1271 630 h.e.ad1v

81 669 305 736 Falconerium
334 694 428 737 nemo
457 673 542 756 quod
569 673 670 738 sciam
699 674 845 739 revertit:
877 673 940 737 nisi
973 673 1058 757 quod
1086 672 1225 757 sepulcri

81 775 192 860 figurae
235 799 278 842 ex
318 777 467 843 Kircheri
504 779 651 863 exemplo
689 779 877 864 desumptae
914 778 1141 862 inscriptiones
1183 779 1225 842 ab

81 889 207 966 utroque
235 885 378 968 petitas,
410 885 465 950 sed
497 890 531 951 et
558 885 678 950 mixtas
711 885 924 951 inconsultius
954 903 1014 949 nec
1043 907 1115 951 cum
1149 907 1225 950 cura

80 990 289 1073 transcriptus
325 990 463 1055 subiecit
493 996 608 1057 nostra
640 995 747 1057 aetate
778 992 812 1056 in
839 992 1064 1075 Descriptione
1091 991 1225 1056 Tusculi

82 1117 131 1160 sne
150 1096 216 1162 tab.
235 1096 336 1161 XXV
358 1097 538 1162 Ludovicus
558 1095 691 1164 Canius.
727 1096 792 1163 Vni
812 1103 919 1163 autem
938 1097 1094 1163 Kirehero
1118 1101 1224 1164 totum

81 1223 141 1266 sese
166 1202 334 1288 Iosephus
362 1204 492 1270 Rechus
516 1204 656 1291 VnIpius
688 1206 889 1290 mancipavit
918 1206 954 1270 in
980 1202 1110 1271 Veteris
1137 1204 1224 1270 Latii

82 1309 197 1390 profani
219 1315 319 1375 tomo
333 1309 415 1374 VIII
438 1333 465 1376 a.
488 1311 574 1376 1745
597 1312 742 1398 vulgato,
766 1312 832 1377 tab.
851 1313 886 1375 9:
913 1311 948 1376 in
972 1333 1009 1378 eo
1033 1316 1158 1377 tanturn
1183 1311 1224 1376 ab

82 1414 129 1478 iilo
150 1414 320 1480 discedens
345 1418 443 1502 quod,
471 1441 529 1482 sua
556 1422 594 1483 ut
620 1423 756 1503 apparet
783 1419 967 1484 coniectura
991 1417 1119 1502 ductus,
1151 1419 1224 1484 ulti-

81 1543 158 1584 mam
178 1522 331 1587 litteram
356 1524 444 1588 tltuli
464 1545 486 1606 p
508 1523 626 1589 dubiae
649 1547 719 1589 esse
743 1525 892 1590 lectionis
916 1525 1025 1590 dicens
1045 1526 1091 1591 sic
1110 1525 1223 1590 edidit:

81 1625 230 1694 FOVRIO
254 1627 496 1695 M·F·G·N.
536 1629 620 1696 Item
645 1653 662 1694 e
685 1629 835 1696 Kireheri
863 1631 927 1696 fide
953 1631 1020 1695 iam
1043 1637 1118 1698 ante
1141 1630 1223 1697 Vul-

80 1734 156 1815 pium
182 1735 305 1800 Petrus
336 1733 486 1802 Sanctius
513 1735 680 1803 Bartolius
712 1737 911 1822 pependerat
943 1738 978 1802 in
1005 1739 1223 1824 Antiquomm

82 1842 293 1924 sepulcrorum
328 1842 396 1907 sive
423 1841 665 1910 Mausoleorum
692 1842 913 1910 Romanorum
946 1843 1222 1931 Etruscorumque

82 1946 154 2012 libro
175 1972 202 2014 a.
225 1950 315 2014 1697
342 1949 465 2015 Romae
487 1950 627 2035 prodito,
656 1972 729 2016 eum
752 1950 890 2016 Bellorii
912 1951 999 2016 notis
1021 1952 1223 2017 brevissimis
1338 1975 1342 1980 ’

84 2055 184 2122 iterato
202 2058 238 2121 in
253 2056 459 2122 Gronoviani
478 2057 635 2122 Thesauri
659 2062 750 2123 tomo
764 2056 842 2122 IIII:
868 2057 923 2122 ubi
948 2060 1130 2142 sepulcrum
1154 2059 1222 2144 qui-

83 2159 143 2225 dem
155 2185 237 2229 novo
254 2162 408 2248 exemplo
428 2187 447 2228 a
466 2168 568 2229 semet
587 2164 747 2229 delineato
766 2165 924 2248 expressit
941 2165 976 2229 in
994 2165 1108 2231 tabula
1121 2164 1223 2245 XXV,

83 2267 298 2353 inscriptiones
335 2273 443 2334 autern
475 2271 510 2335 in
541 2271 690 2355 proxima
726 2271 840 2336 tabula
872 2271 982 2356 posuit
1014 2295 1033 2336 a
1066 2271 1222 2338 Kirchero

86 2381 227 2462 sumptas,
255 2377 326 2442 hoc
355 2378 426 2442 solo
449 2378 634 2443 discrimine
658 2375 744 2461 quod
770 2376 895 2442 duabus
918 2378 1001 2442 arcis
1030 2379 1167 2464 integris
1191 2382 1223 2443 et

85 2480 154 2544 iuter
181 2505 215 2547 se
239 2483 385 2549 diversis
413 2484 527 2550 titulos
551 2483 764 2569 Turpleianos
793 2485 873 2549 duos
902 2483 1097 2570 dispertivit.
1142 2483 1223 2549 Post

84 2584 133 2652 hos
158 2589 219 2655 duo
248 2591 318 2656 soli
352 2611 391 2654 ex
423 2591 572 2657 omnibus
603 2591 693 2657 tituli
726 2590 766 2654 ad
792 2589 992 2674 Rephaelem
1019 2587 1222 2655 Fabrettium

84 2703 295 2781 pervenerunt,
322 2695 378 2780 qui
400 2697 495 2762 nobis
520 2701 596 2762 sunt
619 2697 637 2762 b
661 2700 694 2761 et
715 2697 749 2780 d,
772 2695 894 2779 recepti
916 2695 951 2759 in
974 2695 1062 2760 illius
1087 2717 1156 2780 cap.
1174 2694 1222 2759 111

86 2802 190 2888 pito,
211 2805 252 2869 12
278 2807 318 2868 et
343 2803 394 2868 13.
441 2801 564 2870 Contra
589 2803 630 2868 ab
653 2803 783 2867 Abbate
805 2802 903 2867 Petro
927 2801 1079 2868 Polidoro
1103 2797 1221 2867 missos

85 2905 211 2974 undecim
233 2910 443 2975 Muratorius
468 2907 633 2995 accepit*)
658 2910 811 2994 nulleque
834 2909 1037 2993 superiorum
1062 2909 1222 2975 edItorum

87 3016 227 3081 mentione
250 3017 348 3082 facta
370 3016 548 3100 publicavit
570 3039 601 3100 p.
623 3015 718 3099 1678,
737 3015 757 3080 8
783 3019 815 3080 et
840 3016 934 3100 1757,
952 3017 983 3100 4,
1006 3017 1073 3083 illic
1092 3017 1221 3102 quidem

86 3125 146 3186 octo
161 3121 327 3189 Furienos
350 3145 367 3186 e
388 3121 499 3188 ‘variis
522 3120 635 3206 urnis'‚
657 3122 837 3206 posteriore
858 3122 929 3186 Ioco
949 3143 965 3185 e
985 3120 1102 3187 ‘tribus
1121 3123 1221 3188 urnis'

86 3225 272 3312 Turpilianos
300 3234 378 3294 tres.
415 3228 461 3294 Et
483 3251 523 3294 ex
546 3233 619 3294 octo
643 3227 710 3292 illis
734 3227 832 3312 primi
856 3249 911 3292 sex
934 3249 998 3294 non
1019 3234 1096 3295 suut
1114 3252 1134 3294 a
1149 3228 1222 3294 Fal-

88 3376 283 3392 Ἣ

158 3458 182 3526 ⁸)
200 3457 256 3512 Vix
276 3456 356 3513 enirn
374 3455 491 3528 dignum
506 3461 665 3513 memoratu
679 3459 731 3527 est,
750 3456 825 3526 quod
838 3455 954 3512 immani
968 3457 1026 3512 sive
1040 3456 1147 3511 fraudis
1161 3457 1220 3513 sive

87 3545 233 3602 temeritatis
258 3547 393 3616 exemplo
416 3548 491 3616 apud
515 3548 634 3614 eundem
658 3545 843 3602 Muratorium
861 3565 888 3616 p.
905 3552 1017 3614 1604‚2
1046 3545 1168 3615 quinque
1188 3563 1242 3614 eu¹

87 3630 132 3687 illic
147 3635 218 3691 tituli
236 3636 267 3692 in
287 3637 364 3690 hunc
384 3636 506 3707 speciem
524 3636 668 3707 coniugati
687 3639 762 3692 sunt:

385 3833 407 3887 t
436 3829 764 3887 ·'I¹VRPILIO
801 3831 823 3885 L
853 3832 909 3886 ·I'
944 3773 947 3911 i

386 3924 947 4004 Q·TvnP1L10L⁵nt

464 4042 764 4100 crovule
801 3992 947 4097 Adi

464 4145 909 4206 province-u

344 4256 943 4396 Il—AE-OVRIVSssJ—s‘

92 4429 157 4576 isdpeue
177 4438 339 4508 praemissis
362 4436 408 4491 his
434 4437 538 4492 verbis:
569 4437 612 4492 ‘In
636 4456 703 4508 agro
722 4439 889 4498 Tusculano.
926 4442 966 4497 Ex
985 4441 1015 4496 Ρ.
1034 4440 1182 4514 Kirchero,
1206 4462 1221 4500 e

135 4525 233 4584 .Iesu.’

953 4618 1007 4674 17*
