2948 5048
413 371 640 419 srrcmnsrvu
664 368 938 418 armanumcvu.
995 377 996 381 ¹
1236 350 1256 413 3

105 513 217 574 tamen
234 510 331 576 huius
345 515 580 597 praestantiam
600 516 695 598 longe
714 514 873 598 longeque
892 500 990 575 etiam
1009 514 1149 592 superat.
1175 509 1256 573 Eius

104 622 214 682 autem
242 640 301 684 nec
329 619 575 703 amplitudinem
603 621 700 685 huius
729 620 888 704 prooemii
915 621 996 683 fines
1026 618 1173 700 capiunt,
1196 638 1255 680 nec

104 725 365 809 explanationem
398 729 478 792 satis
507 729 656 812 expedire
685 751 780 812 posse
809 726 1010 811 plrilologiea
1039 747 1091 789 ars
1121 724 1255 788 videtur.

104 829 311 916 Quapropter
335 834 546 899 eruditissimi
569 835 722 921 collegae,
746 834 806 900 leti
825 833 1036 917 celeberrimi,
1062 831 1147 896 curis
1167 854 1255 896 com·

103 936 301 1021 mendatam,
325 962 455 1024 sperare
478 941 555 1006 lieet
576 940 646 1004 fore
669 944 706 1003 ut
730 940 819 1004 brevi
842 960 1066 1022 recuperemus
1092 940 1254 1024 sagaciter

104 1044 289 1127 suppletam
321 1049 354 1109 et
391 1046 570 1111 luculenter
607 1045 851 1129 illustratam.*)
901 1045 1112 1130 Reliquorum
1146 1051 1253 1110 autem

103 1151 246 1216 maxima
275 1174 364 1236 pars,
392 1157 429 1217 ut
451 1153 517 1217 fere
540 1155 592 1237 fit,
621 1153 661 1218 ad
690 1152 869 1236 sepulcrale
897 1174 998 1237 genus
1028 1153 1183 1237 pertinet:
1214 1152 1253 1215 ad

104 1279 157 1323 res
184 1280 294 1324 sacras
321 1261 509 1344 publicasve
542 1282 678 1324 numero
706 1261 875 1343 pauciores
904 1264 1061 1344 spectant.
1106 1260 1159 1324 Ab
1189 1259 1253 1323 illis

103 1365 214 1450 igitur,
233 1389 348 1450 parum
367 1389 519 1450 sequaces
540 1366 683 1432 Solensis
703 1371 827 1450 poetae,
847 1367 1027 1431 ordiamur:
1047 1366 1086 1431 ad
1102 1368 1255 1456 graviora

104 1475 138 1536 et
160 1473 357 1558 gravissima
380 1474 626 1561 progrediamur
648 1474 808 1557 deinceps.

191 1579 267 1645 Etsi
290 1584 398 1646 autem
423 1581 461 1645 de
484 1583 636 1647 universa
654 1582 773 1647 codicis
793 1583 979 1647 condicione
998 1582 1252 1665 disputationem

101 1688 345 1774 ampliavimus,
372 1693 483 1753 tamen
510 1690 623 1773 paucis
655 1689 824 1754 dicendum
847 1689 886 1753 de
909 1691 976 1754 eius
999 1690 1062 1754 fide
1086 1689 1252 1754 sentimus,

103 1793 210 1871 Quam
234 1795 364 1880 quidem
388 1818 499 1861 earum
524 1796 772 1880 inscriptionum
796 1797 996 1880 comparatio
1015 1818 1147 1881 prorsus
1167 1818 1252 1860 oom-

106 1901 255 1985 mendat‚
283 1924 363 1986 quae
388 1902 462 1967 aliis
490 1925 529 1967 ex
556 1903 702 1968 fontibus
731 1901 821 1986 (nam
844 1902 992 1968 Romano
1020 1903 1128 1968 codiee
1156 1924 1251 1966 nemo

104 2007 197 2094 usus)
221 2009 257 2073 in
279 2008 418 2093 Gruteri,
440 2009 594 2087 Reinesii,
616 2007 772 2093 Fabrctti,
795 2008 902 2093 Domi,
925 2009 1105 2086 Muratorii,
1129 2008 1252 2074 Donati

106 2115 253 2200 syllogus
277 2120 457 2180 manarunt.
494 2115 595 2180 Velut
617 2139 714 2200 quam
738 2141 757 2181 a
781 2115 888 2181 Donio
907 2115 980 2199 XII,
1004 2117 1046 2181 56
1070 2115 1119 2181 ‘ca
1140 2115 1256 2181 schedis

100 2221 296 2286 bibliothecae
314 2221 493 2287 Vaticanac'
512 2223 650 2306 petitam
670 2224 872 2288 meminimus
892 2221 1080 2308 (carendum
1099 2226 1148 2287 est
1167 2223 1253 2286 enim

101 2327 212 2392 inhia
240 2328 337 2392 terris
360 2326 459 2394 Donii
489 2333 521 2394 et
550 2329 672 2394 Donati
702 2327 822 2414 libris),
851 2352 922 2394 eam
945 2330 1111 2395 Romanae
1143 2333 1255 2394 auctor

100 2435 305 2501 collectionis
328 2435 384 2501 fol.
407 2437 498 2500 uela
522 2435 568 2501 ‘iu
586 2438 673 2501 doure
691 2436 867 2511 Alexandri
892 2437 1047 2501 Poeaus
1065 2439 1101 2501 de
1118 2436 1252 2519 Repioae

101 2541 205 2606 Triarii
232 2543 269 2606 in
295 2544 361 2606 eius
387 2541 510 2607 Hortis’
534 2543 603 2627 ipse
626 2542 752 2606 viderat
780 2542 1066 2626 descripseratque.
1098 2544 1133 2607 E
1154 2541 1250 2608 otra-

99 2649 171 2713 dini
188 2669 245 2713 ms
264 2650 361 2714 codice
380 2649 537 2714 Gruterus
556 2651 630 2733 249,
655 2651 673 2714 7
695 2654 887 2733 sumpserat,
910 2671 992 2733 quae
1017 2649 1051 2713 in
1069 2649 1162 2715 Rom.
1181 2650 1250 2714 cod.

100 2755 124 2820 f.
142 2755 236 2821 ereb
259 2757 295 2820 a
313 2760 373 2820 ouo
392 2776 409 2820 0
427 2757 504 2821 urar
516 2741 603 2838 aar
620 2757 758 2838 asama
771 2777 830 2838 per
849 2757 881 2820 u
899 2755 998 2821 esraa
1018 2755 1066 2839 (a
1084 2754 1117 2820 s.
1136 2755 1250 2840 Paro)

101 2860 229 2927 dicitur.
275 2862 430 2927 Notabile
460 2867 510 2927 est
539 2862 623 2947 quod
648 2862 682 2927 in
709 2863 794 2927 hanc
822 2885 891 2927 rem
920 2862 940 2927 f.
968 2864 1059 2928 278a
1087 2868 1250 2928 monetur:

99 2975 264 3053 ritumque
285 2971 515 3054 inscriptionem
537 2973 581 3036 ud
597 2969 789 3054 autoprupbu
806 2973 961 3053 quamtum
979 2972 1133 3053 descripsi,
1151 2971 1248 3036 hacu-

98 3097 161 3142 nas
181 3099 252 3142 uero
274 3099 337 3143 noa
359 3079 498 3143 maurit.
537 3077 668 3143 Testem
692 3079 856 3143 oculatum
875 3082 944 3142 tum
964 3077 1139 3143 similitudo
1158 3101 1249 3143 mon·

100 3189 185 3250 strat
202 3189 274 3249 tum
293 3185 364 3268 ipsa
382 3184 610 3249 dissimilitudo
630 3184 803 3250 locorum
821 3185 1062 3267 descriptionis:
1081 3189 1250 3269 praeterea
1351 3189 1353 3196 '

102 3290 279 3355 eorundem
302 3295 584 3356 monumentorum
608 3291 673 3356 alia
692 3292 763 3355 aliis
782 3291 982 3375 temporibus
1002 3291 1160 3356 condicio:
1184 3313 1248 3376 quo
1288 3310 1301 3331 ·

102 3397 229 3462 accedit
252 3397 339 3461 haud
362 3399 543 3483 spernenda
561 3399 595 3463 in
613 3399 805 3482 quibusdam
825 3398 1005 3482 scripturae
1024 3398 1248 3482 discrepantia.

100 3504 298 3569 Gruteriana
320 3505 374 3588 28,
396 3506 417 3570 6
436 3505 584 3589 prodisse
608 3526 646 3570 ea
667 3505 792 3570 aedibus
810 3503 978 3570 Colotiunis
996 3506 1039 3570 aa
1055 3527 1170 3588 aqreum
1186 3506 1249 3570 bir-

95 3610 184 3693 yinis
206 3610 337 3694 dicitu13
361 3610 451 3676 addit
469 3610 562 3676 Rom.
581 3611 651 3676 cod.
665 3611 687 3675 f.
708 3613 811 3677 247ae
833 3613 922 3677 irrata
939 3615 1027 3678 aedes
1045 3613 1249 3693 Buffalorum

97 3721 134 3780 et
155 3717 257 3782 basim
284 3740 354 3783 esse
376 3723 523 3785 vetustate.
549 3724 738 3804 corruptura,
762 3719 950 3802 ftaeyientibus
973 3720 1099 3799 titteris:
1128 3722 1248 3805 quippe
1334 3720 1336 3725 ’

98 3829 301 3889 evanuerant
336 3825 462 3909 reliqua
497 3829 627 3910 praeter
664 3849 719 3890 sex
752 3849 861 3890 versus
895 3829 1075 3911 extremos,
1111 3850 1248 3911 quorum

98 3932 246 3997 solorum
269 3933 451 4016 exemplum
474 3932 508 3997 in
531 3931 639 3997 codice
661 3934 877 4016 perscriptum
898 3937 956 3999 est.
991 3932 1148 3998 Similiter
1167 3935 1248 3999 Gru-

96 4041 247 4105 terianae
276 4041 355 4126 623,
390 4042 406 4104 1
437 4041 535 4106 codex
568 4040 589 4105 f.
615 4030 711 4106 ’2671)
744 4045 897 4125 quattuor
929 4045 1057 4106 tautum
1088 4045 1247 4107 extremos

97 4200 296 4209 am-
306 4203 314 4208 .

172 4283 199 4355 ⁸)
214 4283 404 4357 [Significavit
416 4285 587 4343 Ritsehelius
601 4288 644 4344 hie
654 4287 745 4345 verbis
761 4287 921 4359 Philippum
936 4287 1097 4344 Eduardum
1108 4285 1246 4360 Huschke,

97 4375 159 4444 qui.
173 4374 273 4430 eodem
297 4393 371 4431 anno
392 4377 435 4431 “R
459 4377 550 4432 Flavii
570 4377 724 4448 Syntrophi
746 4378 962 4432 instrumentum
982 4378 1140 4433 donationis
1158 4377 1245 4433 inedi-

94 4465 171 4521 tum'
192 4464 289 4519 emisit
307 4465 513 4536 (Vratislaviae,
531 4467 603 4522 Hirt.
623 4468 659 4537 4).
696 4468 725 4522 C.
745 4467 802 4537 W.]
866 4467 877 4483 ⁸

999 4556 1033 4613 1*
