3062 5142
278 367 344 432 244
496 383 750 432 nurnonosmn
774 385 928 432 nnumin
952 384 1210 434 cononnnnrvn.

277 509 370 612 saon,
394 528 449 593 sed
472 529 558 612 puri:
582 527 668 612 quod
691 527 850 612 reliquum
874 532 937 612 est,
960 549 1017 594 nee
1041 527 1243 613 intellegitur
1260 549 1321 592 noe
1341 549 1451 592 men-

278 657 388 700 suram
412 634 526 718 explet.
557 633 665 719 Atque
688 636 724 699 in
746 635 946 719 paenultima
968 656 1046 701 roeo
1070 634 1123 700 vix
1142 633 1331 699 dubitamus
1350 635 1452 720 quin

277 741 474 806 reconditior
501 739 608 807 forma
630 739 875 807 AEVITERNI
902 742 1017 806 lateat:
1045 738 1346 806 DIVINIVISEST
1387 741 1452 804 lit

277 852 363 914 teras
387 850 444 913 aut
465 847 610 912 fallimur
637 851 695 912 aut
721 847 930 933 interpretari
957 869 1053 933 posse
1082 846 1178 913 DIVI
1205 845 1451 912 INVIDENT

277 954 432 1040 videmur,
455 955 535 1020 setis
555 955 595 1020 ad
615 956 809 1021 sententium
829 955 1079 1020 accommodate.
1112 953 1175 1020 Sed
1189 954 1308 1018 minuit
1322 975 1451 1018 emen-

277 1060 374 1126 dandi
401 1059 643 1145 confidentiam,
676 1061 761 1144 quod
791 1061 838 1126 ita
865 1084 943 1127 sane
971 1061 1154 1126 accusativo
1183 1081 1266 1144 opus
1297 1065 1372 1144 est,
1409 1065 1454 1126 ut

275 1188 368 1232 usum
391 1167 442 1233 vel
464 1170 565 1232 uitam
588 1169 638 1233 vel
662 1169 758 1233 lucem
780 1170 832 1233 vel
855 1169 963 1253 aliquo
988 1168 1098 1233 simili.
1137 1167 1251 1245 Qualis
1275 1167 1304 1231 si
1328 1169 1453 1234 inter-

277 1274 391 1339 cidisse
411 1274 496 1340 eredi
521 1275 589 1340 sine
612 1274 713 1340 nimia
731 1275 867 1340 audacia
884 1278 1002 1359 potest,
1025 1273 1107 1339 nihil
1125 1273 1271 1357 profecto
1291 1273 1334 1338 ad
1357 1298 1454 1342 con-

277 1381 464 1445 cinnitatem
487 1383 611 1447 talibus
634 1382 669 1446 in
692 1382 859 1448 versieulis
883 1379 1135 1468 desiderabis*):

410 1505 498 1572 Vixi
520 1505 657 1572 beatus
681 1507 755 1590 dis,
778 1507 928 1592 amieis,
951 1505 1095 1571 literis.

409 1610 541 1678 Manes
565 1613 752 1678 colamus:
774 1635 937 1698 namque
960 1613 1111 1696 opertis
1135 1612 1316 1678 manibus

348 1743 351 1748 ·
409 1719 499 1784 Diui
521 1720 700 1786 inuident
721 1741 828 1786 usum
851 1720 1046 1785 nouiterni
1068 1719 1265 1803 temporis.
1333 1801 1338 1806 Ι

365 1857 487 1928 Verum
519 1884 592 1928 eum
624 1862 706 1927 haee
738 1884 820 1946 qnae
851 1861 1099 1946 perstrinximus
1126 1861 1161 1926 in
1188 1859 1453 1946 Anthologiam

276 1967 421 2032 nondum
444 1972 574 2053 recepta
597 1966 688 2055 (nam
708 1969 771 2034 huc
790 1972 920 2053 recepta
937 1968 1087 2033 consulto
1106 1990 1146 2033 ne
1166 1968 1342 2053 attigimus
1365 1972 1453 2054 qui-

276 2073 372 2158 dem),
396 2079 466 2140 tum
490 2075 555 2140 alia
578 2076 700 2141 similia
722 2098 805 2162 quae
828 2097 913 2140 nune
936 2076 1036 2141 misse
1059 2075 1212 2159 lecimus,
1242 2073 1327 2139 satis
1353 2076 1453 2143 levi-

276 2180 388 2245 densis
414 2185 490 2246 sunt
516 2203 595 2265 prae
623 2182 695 2246 aliis
723 2183 833 2267 paullo
865 2183 1023 2266 ampliore
1056 2183 1181 2248 ambitu
1212 2180 1455 2249 notmilibus.

277 2285 346 2363 Quo
369 2287 403 2351 in
426 2306 543 2371 genere
566 2308 632 2352 non
655 2308 758 2371 panea
780 2309 864 2353 nune
892 2292 949 2352 aut
975 2279 1186 2353 innotuerunt
1215 2292 1273 2352 aut
1299 2309 1452 2371 perere-

275 2393 432 2458 bruerunt
458 2396 625 2478 praeclara
652 2393 846 2460 Mommseni
874 2417 973 2478 opera
1000 2393 1033 2459 in
1063 2395 1168 2459 titulis
1196 2391 1453 2477 Neapolitanis

275 2501 397 2587 posita:
420 2503 504 2567 inter
526 2524 607 2586 quos
631 2502 826 2588 antiquitate
846 2524 904 2567 sua
918 2501 1104 2567 Venusinus
1122 2500 1178 2564 ille
1199 2500 1263 2565 733
1283 2499 1337 2581 [Ο.
1357 2501 1391 2568 I.
1410 2503 1453 2570 L.

276 2608 292 2672 I
314 2631 345 2674 n.
367 2609 464 2689 1267]
491 2610 625 2692 eminet,
654 2629 750 2692 quem
778 2611 811 2672 et
834 2608 900 2672 suis
923 2607 1066 2672 numeris
1089 2607 1270 2671 restituisse
1294 2611 1332 2671 et
1358 2629 1450 2676 eum

276 2715 386 2798 eliqua
407 2715 637 2800 probabilitate
662 2714 861 2798 supplevisse
884 2714 1031 2781 ridemur
1052 2738 1084 2799 p.
1106 2711 1262 2796 XXXIII,
1285 2715 1453 2797 profecti

276 2820 317 2884 ab
341 2821 387 2884 eis
411 2842 492 2904 quae
515 2820 554 2884 de
581 2821 637 2884 illo
664 2820 751 2885 diota
778 2826 872 2887 erant
900 2821 934 2886 in
958 2819 1116 2886 Gerhardi
1144 2819 1233 2885 Diar.
1261 2819 1451 2889 arehaeol.

275 2924 323 2990 IV
347 2948 377 3009 p.
396 2927 475 2991 333:

410 3049 495 3130 Quae
516 3051 630 3133 sumpta
651 3047 837 3136 sunilleio,
860 3053 908 3116 sei
931 3052 1023 3137 legis,
1045 3073 1086 3116 ne
1108 3052 1283 3136 uituperes.

507 3205 779 3223 ......
802 3161 868 3240 ilus
892 3158 927 3223 L.
949 3158 971 3223 f.
994 3158 1116 3224 Praeeo

408 3263 646 3328 Monummlnm
666 3265 739 3346 fecit
760 3266 861 3347 ipsum
885 3270 1051 3332 aeternum
1075 3265 1136 3329 hoe
1160 3265 1251 3330 sibei.

407 3367 513 3435 Sciens
534 3376 692 3436 aete-num
713 3371 809 3454 leand]
833 3394 913 3458 esse,
936 3373 1022 3458 quod
1044 3378 1160 3437 natura
1181 3374 1280 3456 erz'pnt,

407 3475 521 3560 tepere
541 3479 623 3543 eneis
644 3482 746 3559 usust]
771 3480 867 3544 rebus
891 3502 931 3546 eu
954 3479 1103 3544 ameieois
1128 3479 1223 3542 sueis.

408 3583 462 3648 Sic
484 3589 517 3649 tu
540 3587 616 3650 lueis
637 3587 769 3667 multlos
793 3609 895 3652 annos
919 3591 1041 3652 uterus.
1071 3586 1151 3650 uele.

275 3705 367 3782 Quod
391 3708 519 3792 quidem
538 3709 735 3793 poematium
755 3732 792 3774 eo
812 3711 948 3776 oonsilio
968 3711 1073 3777 denuo
1092 3709 1342 3794 perscripsimus
1366 3713 1449 3781 hoo

274 3815 355 3898 loco,
377 3817 415 3878 ut
438 3815 519 3880 alios
543 3815 584 3880 ad
606 3816 732 3881 felitius
756 3818 989 3883 emendandum
1012 3839 1140 3883 versum
1164 3821 1317 3902 quartum
1341 3818 1445 3888 inri-

274 3925 430 4005 taremus,
460 3921 492 3985 in
526 3923 616 3986 euius
643 3923 707 3988 fine
737 3929 814 4008 post
835 3923 1020 3990 NATVRA
1047 3945 1158 3989 vocem
1182 3921 1271 3988 ΤΒΑ
1299 3925 1446 3996 lectum

274 4032 324 4092 est
347 4051 367 4092 a
389 4027 579 4094 Oorsiniano
603 4035 637 4095 et
659 4030 808 4116 Cimolia,
831 4032 888 4097 ΤΒ
909 4031 950 4096 ab
969 4032 1134 4116 Aegyptio
1154 4029 1447 4119 Mommsenoque

273 4135 410 4221 ipso.**)
448 4133 511 4200 Sed
535 4137 634 4202 etiam
657 4137 691 4202 in
715 4139 917 4223 superiorum
942 4139 1143 4204 saeculorum
1165 4137 1331 4202 thesauris
1358 4145 1445 4225 epi-

272 4397 290 4450 d
361 4310 387 4378 *l
407 4309 490 4381 [Vide
517 4311 590 4366 infra
612 4330 639 4382 p.
659 4313 711 4368 XII
729 4317 792 4384 (250
807 4316 859 4383 sq.)
882 4317 912 4369 et
931 4331 958 4384 p.
974 4312 1038 4368 XIV
1056 4317 1119 4381 (252
1135 4315 1187 4382 sq.)
1206 4312 1300 4366 ‘ouras
1324 4331 1444 4374 noenu.

310 4398 344 4453 s’.
405 4441 410 4452 .
462 4443 468 4454 .

291 4414 309 4452 ⁸
344 4399 489 4557 **)C[llldir
513 4507 585 4544 nnnc
608 4490 637 4543 P.
659 4490 689 4544 L.
708 4489 745 4545 Μ.
765 4489 877 4547 nutat.
897 4489 996 4544 LXXX
1010 4491 1053 4560 A,
1085 4490 1133 4545 ubi
1160 4490 1189 4544 in
1218 4490 1302 4546 unius
1326 4496 1442 4568 eotypi
