3048 5144
316 381 376 445 158
581 399 803 446 nonvnmrmr
827 397 1063 446 erronsemcs
1087 397 1179 444 rem.

312 539 388 604 ado
412 561 618 625 progressam
642 564 727 625 esse,
754 542 809 626 qui
833 542 913 607 illud
935 541 1086 625 expedies
1110 540 1208 625 quod,
1230 539 1258 604 si
1282 537 1463 604 POVBLI-

312 643 390 710 cos
419 653 451 711 ee
477 646 695 714 novnvrvs
727 653 760 713 et
786 627 1044 715 novnnmnn
1078 645 1268 711 tantundem
1296 645 1464 710 valuerint

312 757 407 836 atque
430 753 569 835 pollices
591 755 725 820 Fcloc'us
751 757 910 840 nectare,
938 761 1049 822 tamen
1071 776 1136 820 non
1160 752 1303 818 adhaec
1327 753 1369 816 ab
1395 751 1463 815 illis

311 859 485 924 transitum
513 864 564 925 est
586 860 770 939 scribendo,
799 861 855 926 sed
880 865 986 927 aetate
1009 860 1133 926 mediae
1161 859 1293 923 fuerunt
1315 859 1464 941 popliots

310 965 444 1031 Foluius
465 969 608 1031 nonlmre
631 967 776 1032 formae?
808 965 894 1032 Nam
918 969 1006 1052 prius
1029 963 1238 1031 POPLICVS
1261 987 1358 1049 qnam
1378 985 1462 1046 pop

312 1073 388 1138 licus
421 1074 471 1139 vel
503 1075 647 1156 publicos
683 1075 783 1139 fuisse
822 1096 920 1156 supro
957 1073 1120 1159 apperuit3
1161 1070 1349 1137 FOLVIVS
1386 1077 1463 1135 ante

310 1177 448 1244 Fuluius
470 1179 571 1244 habes
599 1180 634 1244 in
663 1181 739 1245 enni
766 1181 831 1245 625
860 1179 940 1267 (non
969 1179 1048 1264 622)
1077 1179 1270 1244 Aeolsnensi
1298 1178 1323 1243 l.
1350 1178 1393 1242 R.
1423 1177 1463 1242 N.

314 1284 453 1373 1094*);
471 1289 616 1352 nuntiare
636 1291 743 1352 autem
762 1309 827 1351 non
847 1293 924 1353 ente
942 1287 1083 1352 medium
1104 1287 1265 1352 saeculnm
1281 1287 1463 1372 septimum

312 1392 409 1456 scribi
432 1397 581 1477 coeptum
605 1397 664 1478 est,
687 1394 817 1478 quando
836 1393 1068 1459 NONTIATA
1088 1398 1138 1460 est
1155 1395 1190 1459 in
1209 1391 1266 1459 SO.
1284 1395 1324 1458 de
1343 1393 1463 1458 Tibur-

310 1499 411 1582 tibus,
444 1499 686 1566 denONTIAItI
719 1501 753 1566 in
786 1524 859 1566 aere
888 1501 1044 1586 Bantin0,
1076 1498 1331 1566 PRONONtioto
1358 1499 1463 1564 PRO-

311 1601 539 1670 ΝΟΝΤΙΑΤΟ
555 1605 884 1672 PRONONTIARI'I
904 1609 938 1671 in
953 1608 1025 1693 lege
1040 1607 1290 1692 repetundarum
1306 1610 1326 1688 ξ
1343 1609 1397 1672 12.
1413 1609 1464 1690 13,

311 1711 390 1775 item
413 1711 765 1778 PRONONTIATVM
789 1719 822 1778 et
845 1765 853 1781 .
877 1764 884 1777 .
907 1764 914 1779 .
939 1713 1070 1779 ΟΝΤΙ.
1094 1765 1100 1778 .
1125 1704 1189 1780 ‚in
1215 1737 1324 1778 eornm
1347 1715 1463 1800 legum

311 1817 495 1904 fragmento
517 1843 602 1886 nunc
617 1820 805 1887 Florentino
821 1819 869 1902 [O.
883 1821 908 1885 I.
923 1820 958 1885 L.
981 1821 997 1884 I
1020 1843 1051 1886 n.
1066 1821 1140 1886 207.
1155 1821 1234 1906 2083
1262 1821 1297 1887 P.
1311 1820 1347 1886 L.
1361 1821 1409 1886 M.
1425 1820 1464 1884 E.

310 1925 377 1989 tab.
391 1925 440 1990 III
454 1927 495 1992 A.
510 1927 571 2010 Bl,
595 1950 675 2012 quas
699 1928 781 1992 miro
805 1932 987 1993 commento
1011 1927 1051 1990 ed
1076 1925 1132 1991 On.
1151 1927 1343 2010 Pompeium
1367 1931 1404 1991 et
1428 1926 1463 1991 C.

310 2029 429 2096 lulium
457 2056 477 2096 a
499 2032 634 2122 Klenzio
662 2035 785 2100 relatos
818 2035 896 2099 alibi
921 2033 1038 2116 [Musei
1062 2033 1164 2097 Ithen.
1188 2038 1211 2098 t.
1233 2031 1315 2098 VIII
1338 2055 1370 2116 p.
1395 2034 1459 2098 481

311 2138 696 2225 =0puse.11p.625]
723 2139 789 2204 dixi
818 2140 902 2204 cirea
929 2140 1013 2219 idem
1042 2161 1113 2203 cum
1143 2137 1301 2204 ‘Servilia'
1330 2145 1463 2224 tempos

310 2245 416 2310 factes
438 2246 554 2328 videri,
582 2246 667 2330 apud
691 2247 856 2312 Meffeium
879 2245 961 2310 Mus.
985 2244 1061 2310 Ver.
1083 2268 1114 2329 p.
1138 2246 1204 2310 365
1227 2251 1260 2311 et
1279 2247 1462 2313 Matinium
1515 2231 1516 2252 ¹

311 2352 382 2417 Act.
411 2352 503 2418 fratr.
532 2375 598 2418 arv.
626 2377 656 2437 p.
679 2353 732 2418 40.
773 2351 863 2418 Idem
890 2352 926 2416 in
950 2349 1153 2415 OLOVACA
1177 2352 1276 2434 cadit,
1303 2353 1398 2418 cuius
1428 2355 1462 2418 in

310 2459 416 2522 locum
435 2460 540 2543 primo
564 2460 667 2525 clocca
684 2457 736 2538 (ut
754 2455 917 2545 Cloacino)
936 2457 1147 2522 substitutum
1166 2460 1224 2540 est,
1247 2457 1309 2523 hoc
1328 2460 1460 2524 demum

310 2564 345 2628 in
376 2567 482 2630 cloaca
509 2565 604 2652 (Mer.
627 2565 712 2632 Viet.
735 2588 766 2649 p.
790 2562 891 2650 2469)
920 2563 1072 2629 CluocInc
1101 2563 1195 2628 abiit:
1224 2564 1287 2630 nisi
1310 2567 1399 2650 quod
1424 2589 1463 2631 os

309 2671 415 2736 forma
432 2674 615 2737 tralaticiae
634 2673 681 2736 illi
702 2672 849 2756 opinioni
869 2670 908 2734 de
928 2676 1085 2754 aequante
1104 2671 1236 2754 longam
1254 2692 1276 2734 u
1295 2673 1462 2756 seriptm·e

310 2776 370 2841 OV
397 2783 562 2862 praeterea
590 2801 627 2844 eo
655 2778 785 2842 fortiter
812 2781 986 2862 repugnet,
1010 2777 1094 2861 quod
1117 2797 1158 2840 ne
1181 2775 1304 2858 habent
1326 2778 1460 2861 quidem

309 2883 500 2967 productam
532 2907 555 2949 rc
586 2885 639 2948 vel
668 2905 686 2948 o
718 2863 861 2949 localem
893 2883 1000 2948 elciaco
1035 2883 1139 2947 clocca
1170 2883 1310 2948 nomina.
1368 2884 1461 2950 Heec

310 2989 411 3072 igitur
435 2991 544 3055 omnio
567 3013 640 3054 cunr
663 3013 702 3054 ex
725 3002 747 3053 ιῖ
771 2989 909 3054 derivari
932 3010 1063 3073 prorsus
1086 2993 1244 3066 recusent,
1266 2993 1338 3055 tum
1357 3014 1459 3057 unum

310 3118 427 3160 nomen
459 3100 509 3160 est
535 3096 621 3180 quod
653 3095 796 3160 indidem
825 3096 928 3161 multo
957 3096 1056 3159 etiem
1084 3095 1190 3160 minus
1218 3097 1307 3160 nasci
1336 3099 1460 3181 potuit:

309 3223 385 3266 nem
409 3203 464 3286 qui
487 3225 607 3288 quaeso
635 3202 715 3267 illud
737 3202 860 3267 lectum
889 3201 990 3286 dices,
1014 3202 1098 3287 quod
1122 3224 1139 3266 e
1163 3201 1377 3269 OLOVLIVS
1401 3227 1460 3270 nee

309 3307 432 3374 Cloelius
458 3331 517 3373 nec
541 3307 658 3375 Ololius
679 3309 816 3394 prodiit,
839 3309 894 3374 sed
919 3307 1012 3373 valde
1036 3307 1223 3393 discrepans
1247 3308 1385 3376 Clodius
1410 3313 1459 3378 vel

309 3413 440 3480 Cloelius
462 3415 590 3480 forme?

397 3521 458 3588 His
481 3545 562 3606 quae
588 3523 721 3607 exposui
751 3523 877 3588 curiose
905 3521 1073 3607 perpensis
1102 3522 1183 3586 satis
1206 3521 1271 3587 iam
1294 3523 1459 3591 confiden-

308 3634 358 3694 ter
389 3631 568 3714 amplector
595 3629 682 3715 quod
716 3629 859 3695 modeste
887 3629 1110 3694 Mommsenus
1143 3629 1283 3694 coniecit
1311 3629 1351 3692 de
1382 3633 1459 3697 dial.

308 3737 380 3803 Ital.
405 3761 435 3822 p.
459 3739 522 3802 217
549 3760 607 3822 sq.,
635 3760 700 3802 non
728 3737 822 3802 unius
847 3737 1003 3820 simplicis
1026 3735 1150 3800 vocalis
1173 3736 1244 3800 loco
1267 3736 1360 3800 illam
1386 3761 1459 3804 esse

308 3842 368 3907 OV
391 3845 598 3928 scripturam,
622 3843 678 3910 sed
701 3865 739 3908 ex
762 3865 779 3908 o
803 3843 905 3908 vocali
930 3847 962 3908 et
984 3865 1002 3907 o
1025 3843 1216 3908 consonanti
1239 3847 1457 3930 compositam

308 3951 477 4034 syllabam.
527 3951 566 4016 In
595 3973 692 4036 quem
719 3956 845 4035 portem
873 3951 1012 4035 plurima
1035 3951 1184 4035 exempla
1207 3950 1396 4018 felicissimo
1421 3959 1458 4020 ut

397 4145 423 4215 *)
443 4146 527 4217 [Vide
546 4144 576 4202 C.
596 4146 616 4200 I.
642 4145 672 4199 1..
691 4145 704 4200 Ι
723 4163 749 4200 n.
773 4149 833 4199 554.
859 4148 924 4212 5553
947 4143 976 4200 P.
1002 4142 1032 4196 I.
1056 4143 1095 4197 M.
1117 4143 1149 4198 Ε.
1173 4143 1231 4198 leb.
1251 4143 1299 4198 LV
1313 4145 1338 4200 0
1350 4145 1394 4214 D;
1422 4147 1456 4202 of.

308 4233 405 4289 Enarr.
415 4253 441 4304 p.
453 4241 501 4288 492
519 4233 653 4289 ‘limitum
664 4233 888 4289 Gmcchenorum
902 4232 999 4304 cippos
1012 4233 1041 4286 in
1056 4249 1125 4304 agro
1140 4233 1306 4288 Aeolenensi
1320 4237 1457 4303 repertos,

307 4339 377 4390 quos
400 4323 436 4378 ed
459 4340 563 4378 annum
586 4341 611 4380 n.
631 4340 652 4378 c.
680 4329 731 4378 625
755 4322 914 4378 referendos
938 4339 997 4376 esse
1020 4320 1077 4376 iam
1100 4321 1174 4378 Mon.
1199 4320 1284 4392 epigr.
1309 4323 1344 4378 tr.
1369 4341 1398 4392 p.
1423 4331 1455 4377 34

308 4409 510 4480 significabam‚
533 4415 651 4481 apparet
675 4411 750 4466 haud
774 4410 989 4466 emensitatem
1009 4426 1059 4478 pro
1079 4409 1139 4466 eius
1154 4410 1288 4480 temporis
1308 4415 1457 4467 consuetu·

308 4499 373 4553 dine
392 4502 421 4553 et
440 4501 594 4569 scripturae
613 4502 642 4554 et
660 4499 793 4554 sermonis
811 4501 982 4554 vetustatem
1002 4499 1134 4553 servare!
1173 4499 1202 4553 C.
1222 4497 1279 4568 W.]
