3062 5142
257 380 322 444 248
476 393 730 442 auruouoomu
754 392 908 440 curmae
933 391 1189 440 conouusmvu.

346 535 396 602 Ne
420 541 528 602 autem
551 540 677 602 tantam
702 536 827 601 scilicet
844 535 1009 601 licentiam
1029 536 1174 602 mutandi
1194 536 1437 621 demiremini,

259 643 510 722 commilitones,
539 643 680 728 primum
708 645 871 728 reputate,
899 665 916 706 e
940 641 1066 708 schedis
1095 665 1170 709 mss.
1199 643 1320 709 hausto
1349 643 1436 727 epi-

259 751 432 836 grammati
455 754 574 816 testem
598 750 763 816 oculatum
786 753 916 834 praesto
934 771 1001 814 non
1019 771 1100 834 esse,
1122 750 1178 835 qui
1191 749 1289 816 fidem
1310 750 1439 816 faciat

258 853 467 924 Fabrettiano
490 858 646 942 exemplo.
680 857 743 922 Sed
761 879 802 921 ne
821 857 1023 923 oculatorum
1038 857 1181 942 testium
1201 855 1335 942 quidem
1369 881 1437 922 eo-

258 986 393 1050 rumque
416 964 479 1028 fide
502 985 634 1050 prorsus
657 962 829 1048 dignorum
853 962 1089 1046 auctoritatem,
1112 963 1139 1028 si
1164 963 1289 1047 sopitis,
1313 963 1439 1028 nimis

260 1071 492 1154 extimescetis,
519 1069 588 1154 ubi,
616 1092 713 1155 quom
736 1069 832 1154 longe
855 1069 1062 1154 neglegentia
1084 1069 1230 1154 ipsorum
1253 1069 1438 1155 lapicida-

260 1200 331 1242 rum
355 1178 507 1262 pstuerit
531 1180 618 1242 recte
641 1180 674 1240 et
697 1197 769 1240 cum
794 1176 919 1239 ratione
938 1175 1176 1260 perspexeritis.
1207 1174 1308 1241 Cuius
1332 1197 1439 1262 neg-

259 1285 420 1369 legentiae
444 1285 477 1349 in
500 1283 639 1366 privatis
663 1281 870 1366 potissimum
899 1281 1118 1346 monumentis
1145 1280 1235 1367 (uam
1263 1283 1439 1368 publico-

260 1413 332 1456 rum
355 1391 441 1456 houd
464 1389 576 1476 paullo
599 1389 711 1474 dispar
733 1387 833 1472 ratio)
857 1409 929 1453 cum
953 1388 1017 1453 elia
1038 1392 1090 1453 set
1108 1392 1196 1452 certa
1214 1388 1442 1457 documenta

261 1498 294 1562 in
318 1502 471 1582 promptu
495 1502 583 1581 sunt,
611 1502 681 1562 tum
709 1518 774 1561 nou
796 1496 937 1561 certiora
963 1495 1029 1560 illis
1053 1496 1170 1579 quibus
1194 1495 1440 1579 persuadendi

261 1603 328 1667 vim
356 1604 509 1670 metricae
536 1603 620 1688 legis
654 1602 833 1668 necessitas
867 1600 973 1665 addat.
1018 1599 1119 1665 Velut
1150 1600 1183 1665 in
1215 1599 1440 1686 pervulgato

261 1709 320 1774 illo
344 1708 429 1792 apud
447 1708 620 1774 Gruterum
643 1731 673 1792 p.
693 1708 767 1791 792,
787 1710 803 1772 l
824 1705 892 1791 (Or.
906 1704 1019 1792 4781),
1042 1706 1126 1791 quod
1145 1706 1292 1791 locuples
1316 1729 1440 1793 spon-

262 1837 316 1880 sor
339 1816 486 1882 veritatis
510 1815 651 1882 Smetius
674 1813 770 1879 vidit:

465 1947 632 2015 Hospes
661 1984 667 1996 ·
696 1947 758 2012 AD
785 1982 793 1996 ·
821 1945 945 2012 HVNO
968 1982 975 1995 ·
999 1945 1218 2012 TVMVLVM

509 2053 569 2119 NE
590 2090 596 2100 ·
616 2051 753 2118 MEIAS
772 2089 779 2101 ·
799 2051 904 2118 OSSA
924 2088 932 2102 ·
950 2051 1218 2119 PREOANTVR

466 2158 621 2225 TECTA·
632 2157 817 2224 HOMINIS
832 2194 839 2210 ·
854 2158 934 2224 SET
949 2195 956 2210 ·
971 2158 1010 2224 SI
1025 2158 1217 2226 -GRATVS

509 2265 634 2332 HOMO
648 2300 656 2315 ·
670 2263 724 2332 ΕΒ
739 2301 745 2316 ·
760 2264 892 2330 MISCE
908 2301 914 2315 ·
930 2265 1031 2332 BIBE
1048 2302 1055 2316 ·
1070 2266 1131 2330 DA
1147 2303 1152 2316 ·
1168 2266 1218 2331 Ml

263 2404 334 2488 quis
353 2402 485 2468 tandem
505 2399 567 2466 sibi
587 2400 780 2485 persuadeat
797 2421 965 2483 perperam
982 2400 1132 2466 adsutum
1147 2400 1180 2466 in
1196 2401 1303 2468 altero
1319 2402 1438 2470 hexa-

263 2513 367 2575 metro
392 2503 508 2593 SE'I'*)
532 2528 599 2571 non
626 2505 794 2590 lapidario‚
821 2505 878 2571 sed
904 2509 1019 2591 poetae
1042 2507 1174 2600 deberi?
1214 2507 1276 2573 Vel
1307 2509 1438 2594 ipsum

263 2617 403 2682 voluisse
426 2618 569 2699 poetam,
602 2613 686 2699 quod
714 2613 851 2678 incisum
881 2615 931 2678 est
958 2611 1168 2678 vitiosissime
1198 2616 1232 2680 in
1257 2614 1438 2684 Tarraco-

263 2723 355 2788 nensi
378 2722 476 2787 titulo
502 2720 542 2785 ab
566 2718 704 2803 losepho
724 2717 884 2784 Finestrio
908 2718 1082 2805 diligenter
1104 2724 1141 2785 ut
1164 2725 1302 2805 apparet
1327 2727 1438 2792 tran·

264 2829 397 2912 scripto,
419 2827 585 2911 publicato
609 2829 717 2891 cutem
742 2823 938 2891 aMaiansio
958 2826 991 2890 in
1009 2825 1097 2892 Petri
1115 2826 1297 2893 Burmanni
1324 2853 1437 2914 prae-

264 2935 386 3000 fatione
411 2931 632 3016 Anthologiee
656 2931 778 2998 letinae
805 2931 880 2998 ull
903 2955 934 3017 p.
952 2931 1041 2997 XLV
1067 2931 1134 3022 (Or.
1151 2935 1241 3001 4815
1266 2934 1316 3017 [C.
1338 2937 1368 3003 l.
1393 2940 1437 3008 L.

264 3040 296 3104 ΙΙ
320 3062 349 3105 n.
369 3037 499 3122 4137]):

425 3220 698 3236 ......
744 3169 853 3237 vrvu
878 3207 885 3221 ·
908 3172 1077 3240 uunuvs

399 3275 567 3356 ovicvu
597 3312 603 3324 -
628 3275 747 3342 vivis
775 3312 783 3327 ·
807 3267 917 3342 VITA
946 3313 953 3328 ·
983 3279 1129 3346 provo
1157 3314 1164 3328 -
1193 3279 1260 3345 uv

397 3382 484 3450 uvs
508 3418 515 3432 -
539 3382 621 3448 usu
641 3419 647 3432 ·
668 3383 760 3449 uox
782 3420 787 3432 -
808 3385 984 3450 uncum
1009 3421 1015 3433 ·
1039 3385 1121 3452 usu
1144 3423 1150 3434 ·
1176 3386 1260 3452 ssu

398 3490 472 3556 siu
495 3526 503 3540 ·
527 3489 731 3556 vicuscru
754 3527 761 3540 ·
786 3490 955 3558 curuos
980 3527 986 3541 ·
1012 3491 1096 3559 suu

400 3597 474 3664 siu
497 3633 504 3648 ·
529 3596 704 3663 onorem

265 3731 428 3798 Nimirum
456 3731 511 3815 qui
533 3731 710 3815 perlectum
739 3733 956 3817 septenarium
985 3731 1075 3819 (nam
1103 3734 1251 3820 imperite
1280 3735 1428 3806 dimetri

265 3837 488 3904 describuntur
506 3835 621 3923 vulgo)
644 3837 780 3903 condere
802 3839 894 3904 illum
913 3840 1020 3923 potuit
1038 3840 1134 3907 Viue
1157 3843 1286 3907 laetus
1311 3846 1426 3928 quis·

266 3968 336 4031 que
368 3943 485 4010 uiuis:
522 3944 604 4009 uita
632 3943 816 4032 paruo(m)
849 3968 983 4012 munus
1016 3952 1087 4032 est,
1118 3971 1184 4014 uon
1211 3949 1322 4033 potuit
1346 3953 1427 4020 sine

265 4051 414 4135 pudenda
437 4051 567 4116 inscitia
590 4052 767 4136 procudere
794 4053 945 4118 alterum:
972 4076 1039 4120 non
1067 4054 1175 4140 potuit
1197 4055 1238 4120 ad
1261 4079 1425 4127 numero-

265 4179 336 4225 rum
360 4159 613 4226 concinnitatem
637 4145 703 4224 sut‘
713 4159 891 4246 simplicem
919 4163 1114 4228 sententiam
1138 4161 1249 4228 eodem
1273 4165 1426 4236 artificio

266 4287 428 4351 revocare,
456 4290 520 4351 quo
544 4289 582 4332 ex
606 4266 775 4332 oscitantis
799 4266 951 4356 lapidarii
974 4266 1089 4353 (nolite
1113 4265 1276 4355 dubitare)
1300 4293 1424 4356 pecca-

269 4371 479 4382 ——-.-—.

356 4403 382 4472 *)
402 4405 471 4476 [SIT
495 4408 539 4460 eet
561 4405 590 4458 in
612 4403 707 4474 lepide
730 4407 803 4461 teste
826 4405 1036 4476 Kellormanno‚
1065 4407 1100 4462 ol,
1120 4407 1151 4465 0.
1171 4407 1239 4463 lehn
1262 4408 1292 4464 in
1319 4415 1422 4472 annal.

267 4491 372 4560 antiqu.
392 4491 480 4548 Rhea
500 4491 564 4545 Xlll
583 4495 675 4562 (1848)
693 4511 720 4564 p.
739 4501 796 4552 108.
834 4495 862 4551 C.
878 4493 935 4566 W.]
