3080 5142
129 351 236 442 N.
473 396 757 445 svssnanavrvn
781 399 813 445 v.
1144 379 1209 445 569

91 487 1208 622 novaecaesar-svmanna]cananense.

129 624 1156 776 nne-naeboevamesvssr-vronasvnerom

90 806 126 870 Na
146 806 211 890 quis
234 809 343 870 autem
366 777 501 906 mirbtur
528 806 563 871 in
586 806 751 890 superiore
774 829 849 871 arae
872 811 979 892 parte,
1006 830 1087 891 quae
1111 827 1209 893 angu-

90 913 154 977 stior
174 916 222 977 est
242 909 405 993 inferiore,
428 907 609 1021 lopgiorsm
633 933 702 976 esse
724 934 821 995 quam
844 912 878 976 in
894 913 1051 984 ¹inferiore
1073 913 1210 997 inscrip-

90 1021 202 1104 tionem,
229 1018 393 1084 sciendum
418 1020 526 1105 estgin
549 1019 713 1103 superiore
742 1018 870 1102 quidem
895 1017 1079 1083 OALT-L·
1107 1024 1141 1083 et
1167 1019 1210 1084 Τ·

90 1122 278 1201 QVINC'HV
280 1123 302 1190 S
329 1123 463 1188 nomina
482 1123 579 1190 'nullo'
608 1125 784 1190 interstitio
809 1125 1005 1209 continuari,
1035 1131 1149 1191 contra
1176 1127 1210 1190 in

89 1231 218 1296 inferiore
236 1232 404 1317 aliquanto
424 1231 581 1315 ampliore
601 1231 730 1314 aliquod
749 1231 834 1296 inter
849 1230 1046 1296 SVLPIOEI
1065 1239 1099 1298 et
1116 1233 1210 1298 MAG

89 1339 271 1404 intervallum
294 1339 502 1403 interiectum
525 1359 604 1403 esse.
642 1337 786 1414 Quocum
805 1361 938 1422 prorsus
958 1340 1107 1404 convenit
1126 1341 1211 1424 quod

89 1449 146 1528 post
166 1445 330 1530 caer-L
353 1445 593 1529 interpunctum
617 1449 681 1530 est,
703 1468 770 1511 non
794 1449 844 1510 est
866 1449 942 1529 post
965 1443 1171 1511 SVLPICEI.

158 1800 223 1866 Sub
251 1802 286 1866 E
313 1824 409 1886 quam
443 1822 561 1865 novam
593 1804 781 1878 tesseram
814 1800 1104 1886 gladiatoriam,
1136 1803 1212 1867 anni

87 1908 195 1990 quidem
219 1908 295 1986 697,
323 1908 455 1972 exhibui
483 1912 598 1992 ectypo
627 1911 762 1972 stanneo
790 1930 867 1972 usus
895 1908 936 1974 ab
959 1907 1113 1974 Henneno
1141 1931 1212 1992 per·

86 2015 169 2079 amice
191 2020 229 2080 ut
251 2015 336 2081 solet
358 2016 474 2100 misso,
502 2014 614 2080 eadem
642 2019 692 2079 est
719 2037 815 2099 quam
843 2036 860 2078 e
884 2013 1051 2079 Garruccii
1075 2014 1211 2081 ‘Disser-

86 2121 247 2187 tationibus
280 2120 552 2207 archaeologicis'
584 2123 758 2205 repetitam
795 2122 907 2204 paucis
939 2144 1042 2205 nuper
1073 2123 1212 2187 tractavi

85 2223 171 2292 Musei
192 2228 342 2294 Rhenani
364 2233 387 2294 t
406 2228 484 2293 XIX
506 2251 537 2312 p.
556 2229 621 2292 459
637 2251 706 2312 sqq.
729 2228 802 2293 coll.
825 2251 856 2312 p.
874 2229 939 2294 480
964 2228 1064 2310 [infra
1085 2251 1117 2293 n.
1134 2227 1212 2293 XIX

85 2332 111 2395 in
130 2336 210 2417 fine].
256 2335 323 2401 Vbi
351 2357 424 2400 cum
447 2335 638 2400 dubitabam
665 2351 755 2420 num,
787 2336 872 2420 quod
902 2336 1093 2402 Garruccius
1121 2336 1212 2419 xylo-

84 2441 227 2524 grapbnm
250 2443 431 2528 exemplum
455 2443 638 2528 proposuit,
661 2443 758 2508 fidem
782 2444 862 2508 satis
886 2445 1043 2527 servaret,
1065 2464 1131 2508 non
1155 2443 1212 2507 im-

84 2547 181 2612 merito
204 2570 257 2612 me
280 2542 445 2614 dubitasse
464 2548 709 2634 lithographum
727 2571 811 2614 nunc
831 2553 978 2615 nostrum
998 2549 1104 2633 docet,
1127 2548 1212 2633 quod

84 2661 122 2716 est
139 2655 221 2719 tale:
674 2671 677 2678 '

446 2837 807 2908 STEDANVS

433 3140 804 3210 estabelitati*

389 3253 819 3372 messanae

83 3483 305 3554 Gravissimum
329 3495 379 3554 est
402 3493 524 3574 autem,
547 3490 632 3574 quod
656 3489 841 3575 perferendi
864 3489 996 3554 modum
1020 3488 1213 3553 Garruccius

82 3595 210 3677 prodidit
231 3596 362 3661 veritati
382 3597 514 3661 omnino
534 3597 743 3661 eontrarium:
767 3595 852 3680 qnod
870 3595 957 3659 enim
976 3595 1033 3659 ille
1053 3594 1212 3660 arbitratu

83 3721 129 3765 suo
158 3702 305 3767 foramen
336 3703 431 3768 finxit
463 3703 497 3766 in
528 3703 635 3787 primo
665 3703 826 3787 tertioque
858 3705 1001 3767 tesserae
1032 3701 1147 3784 latere,
1179 3703 1212 3766 id
1226 3724 1282 3764 xiv

83 3809 215 3888 quamvis
246 3809 351 3875 fracto
380 3809 549 3874 manubrio
577 3808 767 3893 planissime
796 3811 933 3893 apparet
950 3808 1006 3871 ab
1036 3809 1138 3872 altero
1172 3808 1213 3872 ad

83 3921 221 3994 quartum
239 3915 446 4001 pertinuisse,
469 3937 600 3998 prorsus
620 3915 653 3980 id
672 3916 899 3981 convenienter
917 3915 946 3978 ei
966 3936 1096 3980 normae
1115 3935 1211 3999 quam

82 4039 133 4085 uno
150 4023 289 4088 fortasse
309 4023 456 4106 exemplo
472 4027 606 4107 excepto
622 4023 799 4109 antiquitas
815 4025 1002 4088 constanter
1019 4019 1213 4084 observavit.

83 4123 160 4200 Quod
179 4152 276 4213 quam
297 4129 363 4193 vim
382 4128 503 4193 habeat
526 4133 675 4213 atquem
694 4129 868 4212 rationem,
891 4150 964 4193 curn
987 4126 1064 4191 alibi
1084 4125 1212 4190 uberius

81 4231 232 4318 disputavi
253 4239 323 4301 tum
346 4235 367 4300 l.
391 4258 414 4299 s.
439 4257 463 4299 s.
487 4257 517 4318 p.
536 4235 599 4299 461
625 4233 814 4320 significavi.

157 4375 309 4443 Ceterum
332 4400 430 4463 quam
455 4376 645 4442 Garruocius
670 4375 790 4441 ibidem
814 4377 951 4441 alteram
975 4381 1132 4440 tesseram
1154 4397 1213 4458 pu·

80 4477 257 4569 blicaverat,
281 4489 480 4568 spectantem
504 4506 574 4550 eam
598 4483 638 4548 ad
662 4505 782 4548 annum
807 4483 882 4548 756:
