2948 5048
746 1166 905 1250 XVIII.

326 1341 481 1423 Priscae
508 1340 727 1422 latinitatis
755 1338 1032 1480 epigraphicac
1060 1337 1419 1440 supplementa·

733 1484 920 1567 quinqua.

628 1841 938 1936 supplementum
965 1837 1033 1939 Ι.*)

602 1996 682 2066 (Cum
700 1997 798 2051 tabula
816 1995 1064 2066 lithographa**)).

206 2200 245 2239 111
349 2162 631 2226 Monumentorum
654 2160 695 2224 ad
713 2160 855 2243 priscam
873 2159 1073 2224 latinitatem
1092 2159 1309 2241 spectantium
1333 2164 1422 2235 quc

259 2269 348 2333 uiam
372 2268 531 2352 singulari
553 2268 668 2331 horum
693 2265 872 2332 studiorum
891 2265 1046 2331 beneficio
1070 2264 1109 2329 fic
1126 2268 1164 2328 ut
1181 2287 1268 2330 nova
1286 2266 1321 2329 in
1342 2250 1417 2320 <15⁰⁸

259 2396 352 2460 seges
381 2378 573 2458 succrescat,
606 2374 700 2438 facile
729 2373 948 2458 praevidimus
982 2394 1053 2436 eam
1082 2393 1210 2454 quoque
1238 2373 1413 2456 synogasst

260 2503 324 2564 qua
347 2481 516 2545 titulorum
540 2481 754 2545 vetustiorum
774 2480 964 2544 varietatem
983 2478 1017 2543 in
1035 2500 1135 2543 unum
1154 2499 1273 2562 corpus
1290 2478 1410 2555 cogi-’¹⁰

260 2609 363 2670 nuper
386 2586 602 2669 instituimus,
630 2587 719 2650 brevi
746 2586 903 2669 temporis
933 2585 1039 2669 spatio
1063 2585 1234 2650 interiecto
1258 2584 1409 2649 mancam

261 2693 460 2757 exstituram.
497 2693 539 2755 Ei
562 2693 663 2778 igitur
686 2692 889 2757 incommodo
913 2698 950 2756 ut
972 2696 1129 2775 quantum
1152 2693 1187 2755 in
1204 2692 1302 2756 nobis
1320 2672 1409 2751 esset
1464 2714 1466 2719 ·

260 2797 474 2881 mederemur,
511 2800 810 2883 supplementorum
844 2799 926 2863 serie
959 2797 1100 2882 quadam
1133 2798 1289 2863 continua
1319 2771 1409 2874 apul

262 2905 404 2968 animum
428 2905 599 2968 statuimus
625 2905 847 2990 epigraphices
875 2906 1073 2970 incrementa
1102 2906 1161 2971 illa
1189 2905 1299 2969 omnia
1321 2902 1410 2964 com·

261 3010 366 3093 plecti.
412 3010 580 3075 Faciemus
605 3016 713 3077 autem
741 3012 803 3077 hoc
832 3013 937 3076 itaut
961 3012 1088 3090 eodem,
1111 3010 1197 3096 quod
1220 3013 1254 3075 in
1278 3004 1413 3094 cynegi

261 3117 320 3181 illa
352 3119 453 3182 secuti
486 3141 610 3201 sumus,
643 3118 777 3183 consilio
814 3118 1053 3183 commentandi
1088 3119 1229 3202 opellam
1259 3109 1415 3182 nost-1²¹n

261 3225 462 3309 lithographi
486 3224 657 3288 artificium
681 3225 854 3289 comitetur
877 3225 917 3289 ad
940 3225 1006 3289 veri
1027 3224 1273 3289 similitudinem
1290 3205 1418 3287 titulos

261 3353 405 3416 quosque
438 3354 535 3416 quam
566 3332 634 3396 fieri
667 3336 775 3415 potest
807 3333 1048 3399 accuratissime
1082 3330 1302 3416 exprimentis.
1361 3299 1423 3375 Εἰ

261 3460 371 3503 eorum
406 3438 523 3522 igitur,
560 3439 615 3522 qui
646 3440 711 3503 iam
743 3461 828 3504 nunc
860 3440 894 3504 in
925 3440 1079 3522 promptu
1112 3441 1201 3521 sunt,
1237 3422 1427 3500 titulosum

261 3566 394 3608 nurnero
424 3544 459 3607 in
492 3544 624 3608 tabula
654 3545 777 3628 prima
806 3546 865 3609 sub
888 3547 921 3610 Λ
954 3567 1027 3610 eum
1054 3545 1283 3630 proposuimus
1310 3526 1435 3631 quem,

260 3651 445 3734 nuperrime
467 3673 568 3733 prope
583 3651 720 3715 Romam
740 3651 779 3715 ad
800 3652 911 3716 aedem
927 3650 969 3716 ‘S.
983 3650 1128 3715 Lorenzo
1147 3650 1232 3715 fuori
1252 3650 1284 3714 le
1302 3634 1431 3713 murt

261 3759 439 3840 repertum,
472 3779 545 3821 mox
573 3760 768 3823 translatum
797 3759 829 3822 in
857 3780 1003 3823 museum
1027 3755 1266 3841 Capitolinum,
1295 3739 1443 3845 hullffl'

261 3863 394 3927 nissime
413 3865 449 3925 ut
470 3864 554 3929 solet
572 3864 732 3930 Heuricus
751 3865 913 3930 Brunnius
932 3868 1042 3930 noster
1061 3862 1237 3951 misit***)
1268 3845 1448 3928 Insor¹l

262 3997 474 4005 -———.-—--

350 4055 376 4123 ²¹¹)
396 4055 583 4126 [Prooemium
604 4058 705 4113 Indicis
730 4059 885 4113 scholarum
909 4057 1089 4112 hibernarum
1108 4057 1295 4112 Bonnensium
1320 4060 1366 4108 ov
1377 4028 1452 4083 ‘W

261 4169 322 4204 rum
343 4137 579 4201 erolocccnxu
598 4151 627 4202 ec
645 4147 740 4202 Lxllt.
779 4146 879 4216 ewa
1359 4184 1450 4257 4,

333 4241 374 4310 **)
395 4238 516 4311 [Tabula
543 4237 610 4292 olim
637 4236 703 4291 huic
732 4235 960 4290 commentationi
988 4235 1097 4290 adnexa
1123 4252 1197 4290 nnuc
1225 4236 1277 4289 sub
1303 4253 1329 4287 n.
1355 4254 1374 4273 e

262 4331 364 4384 iterata
381 4332 430 4383 eat.
468 4329 497 4380 C.
513 4327 570 4397 W.]
1378 4368 1443 4439 s,

316 4416 373 4486 ***)
393 4416 504 4487 [Editus
523 4431 594 4468 nunno
613 4419 657 4469 cat
675 4417 933 4471 C.1.L.1n.1aca
953 4433 979 4484 p.
995 4420 1059 4481 ⁶563
1080 4413 1151 4482 Vl,i
1174 4431 1200 4469 n.
1211 4418 1272 4469 284.
1308 4401 1371 4465 Η·
1428 4414 1432 4423 ’
