<?xml version="1.0" encoding="UTF-8"?>
<!DOCTYPE html PUBLIC "-//W3C//DTD XHTML 1.0 Transitional//EN"
    "http://www.w3.org/TR/xhtml1/DTD/xhtml1-transitional.dtd">
<html xmlns="http://www.w3.org/1999/xhtml" xml:lang="en" lang="en">
 <head>
  <title>
</title>
<meta http-equiv="Content-Type" content="text/html;charset=utf-8" />
  <meta name='ocr-system' content='tesseract 3.04.00' />
  <meta name='ocr-capabilities' content='ocr_page ocr_carea ocr_par ocr_line ocrx_word'/>
</head>
<body>
  <div class='ocr_page' id='page_1' title='image "./fridericiritsch03wachgoog/fridericiritsch03wachgoog_0558.png"; bbox 0 0 3080 5142; ppageno 0'>
   <div class='ocr_carea' id='block_1_1' title="bbox 478 384 1227 450">
    <p class='ocr_par' dir='ltr' id='par_1_1' title="bbox 478 384 1227 450">
     <span class='ocr_line' id='line_1_1' title="bbox 478 384 1227 450; baseline -0.003 0"><span class='ocrx_word' id='word_1_1' title='bbox 478 401 757 450; x_wconf 72' lang='lat' dir='ltr'>averanusnuuu</span> <span class='ocrx_word' id='word_1_2' title='bbox 780 403 829 447; x_wconf 89' lang='lat'>111.</span> <span class='ocrx_word' id='word_1_3' title='bbox 1162 384 1227 448; x_wconf 87' lang='lat'>533</span> 
     </span>
    </p>
   </div>
   <div class='ocr_carea' id='block_1_2' title="bbox 89 544 1227 844">
    <p class='ocr_par' dir='ltr' id='par_1_2' title="bbox 89 544 1227 844">
     <span class='ocr_line' id='line_1_2' title="bbox 89 544 1225 629; baseline -0.002 -21"><span class='ocrx_word' id='word_1_4' title='bbox 89 546 199 610; x_wconf 83' lang='lat' dir='ltr'>Larius</span> <span class='ocrx_word' id='word_1_5' title='bbox 232 550 283 610; x_wconf 88' lang='lat' dir='ltr'>est</span> <span class='ocrx_word' id='word_1_6' title='bbox 309 545 393 629; x_wconf 90' lang='lat' dir='ltr'>quod</span> <span class='ocrx_word' id='word_1_7' title='bbox 426 545 460 609; x_wconf 93' lang='lat' dir='ltr'>in</span> <span class='ocrx_word' id='word_1_8' title='bbox 492 549 606 628; x_wconf 86' lang='lat' dir='ltr'>patera</span> <span class='ocrx_word' id='word_1_9' title='bbox 637 544 758 628; x_wconf 89' lang='lat' dir='ltr'>pictam</span> <span class='ocrx_word' id='word_1_10' title='bbox 792 544 963 608; x_wconf 76' lang='lat' dir='ltr'>bestiolam</span> <span class='ocrx_word' id='word_1_11' title='bbox 995 565 1053 626; x_wconf 90' lang='lat' dir='ltr'>per</span> <span class='ocrx_word' id='word_1_12' title='bbox 1085 564 1225 608; x_wconf 88' lang='lat' dir='ltr'>errorem</span> 
     </span>
     <span class='ocr_line' id='line_1_3' title="bbox 89 649 1227 736; baseline -0.004 -18"><span class='ocrx_word' id='word_1_13' title='bbox 89 653 285 736; x_wconf 80' lang='lat' dir='ltr'>scorpionem</span> <span class='ocrx_word' id='word_1_14' title='bbox 309 650 388 734; x_wconf 84' lang='lat' dir='ltr'>dixi,</span> <span class='ocrx_word' id='word_1_15' title='bbox 410 672 505 734; x_wconf 91' lang='lat' dir='ltr'>quem</span> <span class='ocrx_word' id='word_1_16' title='bbox 529 651 648 714; x_wconf 90' lang='lat' dir='ltr'>rectius</span> <span class='ocrx_word' id='word_1_17' title='bbox 671 649 878 715; x_wconf 87' lang='lat' dir='ltr'>Detlefsenus</span> <span class='ocrx_word' id='word_1_18' title='bbox 903 673 1063 716; x_wconf 88' lang='lat' dir='ltr'>cancrum.</span> <span class='ocrx_word' id='word_1_19' title='bbox 1109 649 1227 725; x_wconf 81' lang='lat' dir='ltr'>Quam-</span> 
     </span>
     <span class='ocr_line' id='line_1_4' title="bbox 89 755 1226 844; baseline -0.002 -22"><span class='ocrx_word' id='word_1_20' title='bbox 89 781 177 844; x_wconf 83' lang='lat' dir='ltr'><strong>quam</strong></span> <span class='ocrx_word' id='word_1_21' title='bbox 202 759 301 822; x_wconf 88' lang='lat' dir='ltr'>etiam</span> <span class='ocrx_word' id='word_1_22' title='bbox 324 758 428 842; x_wconf 83' lang='lat' dir='ltr'>magis</span> <span class='ocrx_word' id='word_1_23' title='bbox 452 779 470 820; x_wconf 94' lang='lat' dir='ltr'>e</span> <span class='ocrx_word' id='word_1_24' title='bbox 493 779 568 821; x_wconf 82' lang='lat' dir='ltr'>vero</span> <span class='ocrx_word' id='word_1_25' title='bbox 587 757 634 820; x_wconf 88' lang='lat' dir='ltr'>sic</span> <span class='ocrx_word' id='word_1_26' title='bbox 657 757 747 820; x_wconf 89' lang='lat' dir='ltr'>illam</span> <span class='ocrx_word' id='word_1_27' title='bbox 768 756 907 840; x_wconf 90' lang='lat' dir='ltr'>definiri,</span> <span class='ocrx_word' id='word_1_28' title='bbox 930 757 1020 821; x_wconf 90' lang='lat' dir='ltr'>utin</span> <span class='ocrx_word' id='word_1_29' title='bbox 1039 755 1226 821; x_wconf 83' lang='lat' dir='ltr'>‘erustaoeis</span> 
     </span>
    </p>
   </div>
   <div class='ocr_carea' id='block_1_3' title="bbox 89 859 1226 1143">
    <p class='ocr_par' dir='ltr' id='par_1_3' title="bbox 89 859 1226 1143">
     <span class='ocr_line' id='line_1_5' title="bbox 89 859 1226 948; baseline -0.003 -19"><span class='ocrx_word' id='word_1_30' title='bbox 89 865 253 948; x_wconf 87' lang='lat' dir='ltr'>decapodis</span> <span class='ocrx_word' id='word_1_31' title='bbox 280 862 484 947; x_wconf 82' lang='lat' dir='ltr'>braehyuris&#39;</span> <span class='ocrx_word' id='word_1_32' title='bbox 517 862 676 926; x_wconf 72' lang='lat' dir='ltr'><strong>habeatur</strong></span> <span class='ocrx_word' id='word_1_33' title='bbox 706 859 806 946; x_wconf 87' lang='lat' dir='ltr'>(quod</span> <span class='ocrx_word' id='word_1_34' title='bbox 838 882 941 946; x_wconf 84' lang='lat' dir='ltr'>genus</span> <span class='ocrx_word' id='word_1_35' title='bbox 968 862 1141 926; x_wconf 84' lang='lat' dir='ltr'>vernaculo</span> <span class='ocrx_word' id='word_1_36' title='bbox 1170 885 1226 927; x_wconf 91' lang='lat' dir='ltr'>no·</span> 
     </span>
     <span class='ocr_line' id='line_1_6' title="bbox 89 968 1225 1055; baseline 0 -20"><span class='ocrx_word' id='word_1_37' title='bbox 89 973 165 1035; x_wconf 89' lang='lat' dir='ltr'>mine</span> <span class='ocrx_word' id='word_1_38' title='bbox 187 971 315 1036; x_wconf 83' lang='lat' dir='ltr'>Krabbe</span> <span class='ocrx_word' id='word_1_39' title='bbox 337 968 589 1054; x_wconf 88' lang='lat' dir='ltr'>appellitamus),</span> <span class='ocrx_word' id='word_1_40' title='bbox 616 970 824 1036; x_wconf 87' lang='lat' dir='ltr'>doctissimus</span> <span class='ocrx_word' id='word_1_41' title='bbox 848 992 899 1033; x_wconf 92' lang='lat' dir='ltr'>me</span> <span class='ocrx_word' id='word_1_42' title='bbox 922 969 1048 1054; x_wconf 78' lang='lat' dir='ltr'>collega</span> <span class='ocrx_word' id='word_1_43' title='bbox 1071 971 1225 1055; x_wconf 84' lang='lat' dir='ltr'>zoologus</span> 
     </span>
     <span class='ocr_line' id='line_1_7' title="bbox 90 1077 377 1143; baseline 0 -1"><span class='ocrx_word' id='word_1_44' title='bbox 90 1078 216 1143; x_wconf 89' lang='lat' dir='ltr'>comiter</span> <span class='ocrx_word' id='word_1_45' title='bbox 240 1077 377 1142; x_wconf 82' lang='lat' dir='ltr'>edocuit</span> 
     </span>
    </p>
   </div>
   <div class='ocr_carea' id='block_1_4' title="bbox 89 1395 1295 3076">
    <p class='ocr_par' dir='ltr' id='par_1_4' title="bbox 89 1395 1295 3076">
     <span class='ocr_line' id='line_1_8' title="bbox 168 1395 1224 1478; baseline -0.001 -17"><span class='ocrx_word' id='word_1_46' title='bbox 168 1398 340 1462; x_wconf 88' lang='lat' dir='ltr'>Postremo</span> <span class='ocrx_word' id='word_1_47' title='bbox 369 1397 512 1462; x_wconf 88' lang='lat' dir='ltr'>eiusdem</span> <span class='ocrx_word' id='word_1_48' title='bbox 540 1397 721 1461; x_wconf 82' lang='lat' dir='ltr'>fasciculi</span> <span class='ocrx_word' id='word_1_49' title='bbox 746 1396 787 1462; x_wconf 95' lang='lat' dir='ltr'>II</span> <span class='ocrx_word' id='word_1_50' title='bbox 809 1417 840 1478; x_wconf 89' lang='lat' dir='ltr'>p.</span> <span class='ocrx_word' id='word_1_51' title='bbox 858 1395 921 1460; x_wconf 87' lang='grc' dir='ltr'>ΧΠ</span> <span class='ocrx_word' id='word_1_52' title='bbox 945 1397 1037 1477; x_wconf 86' lang='grc'><strong>[519]</strong></span> <span class='ocrx_word' id='word_1_53' title='bbox 1061 1396 1224 1478; x_wconf 85' lang='lat' dir='ltr'>prolatum</span> 
     </span>
     <span class='ocr_line' id='line_1_9' title="bbox 90 1501 1225 1588; baseline 0 -22"><span class='ocrx_word' id='word_1_54' title='bbox 90 1504 341 1588; x_wconf 87' lang='lat' dir='ltr'>supplementum</span> <span class='ocrx_word' id='word_1_55' title='bbox 366 1503 500 1568; x_wconf 86' lang='lat' dir='ltr'>mutilae</span> <span class='ocrx_word' id='word_1_56' title='bbox 529 1503 707 1567; x_wconf 81' lang='lat' dir='ltr'>lamellae</span> <span class='ocrx_word' id='word_1_57' title='bbox 731 1501 992 1568; x_wconf 83' lang='lat' dir='ltr'>Bononiensis</span> <span class='ocrx_word' id='word_1_58' title='bbox 1017 1502 1135 1566; x_wconf 90' lang='lat' dir='ltr'>mirum</span> <span class='ocrx_word' id='word_1_59' title='bbox 1159 1524 1225 1566; x_wconf 89' lang='lat' dir='ltr'>non</span> 
     </span>
     <span class='ocr_line' id='line_1_10' title="bbox 90 1609 1225 1694; baseline 0.002 -22"><span class='ocrx_word' id='word_1_60' title='bbox 90 1613 213 1673; x_wconf 87' lang='lat' dir='ltr'>estnon</span> <span class='ocrx_word' id='word_1_61' title='bbox 233 1610 355 1674; x_wconf 90' lang='lat' dir='ltr'>nemini</span> <span class='ocrx_word' id='word_1_62' title='bbox 374 1614 426 1674; x_wconf 89' lang='lat' dir='ltr'>sat</span> <span class='ocrx_word' id='word_1_63' title='bbox 444 1609 537 1694; x_wconf 83' lang='lat' dir='ltr'>gravi</span> <span class='ocrx_word' id='word_1_64' title='bbox 557 1631 629 1673; x_wconf 90' lang='lat' dir='ltr'>cum</span> <span class='ocrx_word' id='word_1_65' title='bbox 648 1609 814 1674; x_wconf 86' lang='lat' dir='ltr'>mirationi</span> <span class='ocrx_word' id='word_1_66' title='bbox 837 1613 906 1672; x_wconf 91' lang='lat' dir='ltr'>tum</span> <span class='ocrx_word' id='word_1_67' title='bbox 926 1610 1097 1674; x_wconf 84' lang='lat' dir='ltr'>offensioni</span> <span class='ocrx_word' id='word_1_68' title='bbox 1116 1609 1225 1674; x_wconf 89' lang='lat' dir='ltr'>fuisse.</span> 
     </span>
     <span class='ocr_line' id='line_1_11' title="bbox 89 1715 1224 1800; baseline 0.002 -22"><span class='ocrx_word' id='word_1_69' title='bbox 89 1716 155 1780; x_wconf 91' lang='lat' dir='ltr'>Non</span> <span class='ocrx_word' id='word_1_70' title='bbox 173 1717 284 1800; x_wconf 83' lang='lat' dir='ltr'>cogito</span> <span class='ocrx_word' id='word_1_71' title='bbox 307 1737 391 1781; x_wconf 89' lang='lat' dir='ltr'>nune</span> <span class='ocrx_word' id='word_1_72' title='bbox 415 1717 455 1781; x_wconf 90' lang='lat' dir='ltr'>de</span> <span class='ocrx_word' id='word_1_73' title='bbox 473 1715 667 1780; x_wconf 87' lang='lat' dir='ltr'>Mommseni</span> <span class='ocrx_word' id='word_1_74' title='bbox 685 1715 955 1797; x_wconf 77' lang='lat' dir='ltr'>dubitationibus,</span> <span class='ocrx_word' id='word_1_75' title='bbox 978 1717 1096 1799; x_wconf 90' lang='lat' dir='ltr'>quibus</span> <span class='ocrx_word' id='word_1_76' title='bbox 1120 1738 1224 1780; x_wconf 87' lang='lat' dir='ltr'>meam</span> 
     </span>
     <span class='ocr_line' id='line_1_12' title="bbox 90 1820 1225 1907; baseline 0.001 -22"><span class='ocrx_word' id='word_1_77' title='bbox 90 1822 307 1907; x_wconf 88' lang='lat' dir='ltr'>coniecturam,</span> <span class='ocrx_word' id='word_1_78' title='bbox 316 1823 519 1906; x_wconf 83' lang='lat' dir='ltr'>propositam</span> <span class='ocrx_word' id='word_1_79' title='bbox 529 1821 702 1886; x_wconf 82' lang='lat' dir='ltr'>Museilth.</span> <span class='ocrx_word' id='word_1_80' title='bbox 711 1820 938 1904; x_wconf 70' lang='lat' dir='ltr'>txvllpsor</span> <span class='ocrx_word' id='word_1_81' title='bbox 947 1821 1044 1903; x_wconf 83' lang='lat' dir='ltr'>[infra</span> <span class='ocrx_word' id='word_1_82' title='bbox 1053 1821 1225 1905; x_wconf 89' lang='lat' dir='ltr'>n.XXIll],</span> 
     </span>
     <span class='ocr_line' id='line_1_13' title="bbox 91 1927 1225 2014; baseline 0.003 -25"><span class='ocrx_word' id='word_1_83' title='bbox 91 1928 327 2013; x_wconf 77' lang='lat' dir='ltr'>impugnaverat</span> <span class='ocrx_word' id='word_1_84' title='bbox 350 1928 433 1993; x_wconf 81' lang='lat' dir='ltr'>Add.</span> <span class='ocrx_word' id='word_1_85' title='bbox 456 1951 487 2011; x_wconf 90' lang='lat' dir='ltr'>p.</span> <span class='ocrx_word' id='word_1_86' title='bbox 506 1927 617 2014; x_wconf 80' lang='lat'>561.*)</span> <span class='ocrx_word' id='word_1_87' title='bbox 654 1927 720 1992; x_wconf 87' lang='lat' dir='ltr'>Vbi</span> <span class='ocrx_word' id='word_1_88' title='bbox 739 1928 855 2011; x_wconf 89' lang='lat' dir='ltr'>quibus</span> <span class='ocrx_word' id='word_1_89' title='bbox 875 1933 993 1999; x_wconf 74' lang='lat' dir='ltr'>contra=</span> <span class='ocrx_word' id='word_1_90' title='bbox 1008 1951 1059 1992; x_wconf 91' lang='lat' dir='ltr'>me</span> <span class='ocrx_word' id='word_1_91' title='bbox 1078 1951 1156 1993; x_wconf 89' lang='lat' dir='ltr'>usus</span> <span class='ocrx_word' id='word_1_92' title='bbox 1175 1935 1225 1994; x_wconf 89' lang='lat' dir='ltr'>est</span> 
     </span>
     <span class='ocr_line' id='line_1_14' title="bbox 91 2034 1224 2121; baseline 0.001 -24"><span class='ocrx_word' id='word_1_93' title='bbox 91 2034 202 2100; x_wconf 90' lang='lat' dir='ltr'>duobus</span> <span class='ocrx_word' id='word_1_94' title='bbox 231 2035 446 2121; x_wconf 77' lang='lat' dir='ltr'>argumentis,</span> <span class='ocrx_word' id='word_1_95' title='bbox 478 2035 524 2098; x_wconf 86' lang='lat' dir='ltr'>eis</span> <span class='ocrx_word' id='word_1_96' title='bbox 554 2034 661 2099; x_wconf 86' lang='lat' dir='ltr'>fateor</span> <span class='ocrx_word' id='word_1_97' title='bbox 688 2055 739 2098; x_wconf 93' lang='lat' dir='ltr'>me</span> <span class='ocrx_word' id='word_1_98' title='bbox 766 2057 880 2118; x_wconf 88' lang='lat' dir='ltr'>parum</span> <span class='ocrx_word' id='word_1_99' title='bbox 903 2035 1034 2099; x_wconf 84' lang='lat' dir='ltr'>moveri.</span> <span class='ocrx_word' id='word_1_100' title='bbox 1079 2035 1224 2099; x_wconf 91' lang='lat' dir='ltr'>Primum</span> 
     </span>
     <span class='ocr_line' id='line_1_15' title="bbox 91 2140 1224 2228; baseline 0.003 -26"><span class='ocrx_word' id='word_1_101' title='bbox 91 2142 165 2206; x_wconf 87' lang='lat' dir='ltr'>enim</span> <span class='ocrx_word' id='word_1_102' title='bbox 197 2143 283 2228; x_wconf 91' lang='lat' dir='ltr'>quod</span> <span class='ocrx_word' id='word_1_103' title='bbox 316 2141 471 2225; x_wconf 82' lang='lat' dir='ltr'>exemplis</span> <span class='ocrx_word' id='word_1_104' title='bbox 504 2140 639 2205; x_wconf 88' lang='lat' dir='ltr'>destitui</span> <span class='ocrx_word' id='word_1_105' title='bbox 671 2140 770 2204; x_wconf 90' lang='lat' dir='ltr'>talem</span> <span class='ocrx_word' id='word_1_106' title='bbox 802 2141 966 2224; x_wconf 86' lang='lat' dir='ltr'>participii</span> <span class='ocrx_word' id='word_1_107' title='bbox 997 2141 1224 2207; x_wconf 87' lang='lat' dir='ltr'>formationem</span> 
     </span>
     <span class='ocr_line' id='line_1_16' title="bbox 91 2246 1224 2335; baseline 0.001 -22"><span class='ocrx_word' id='word_1_108' title='bbox 91 2247 226 2335; x_wconf 66' lang='lat' dir='ltr'>(facilus)</span> <span class='ocrx_word' id='word_1_109' title='bbox 250 2249 340 2326; x_wconf 88' lang='lat' dir='ltr'>dicit,</span> <span class='ocrx_word' id='word_1_110' title='bbox 363 2249 397 2312; x_wconf 95' lang='lat' dir='ltr'>id</span> <span class='ocrx_word' id='word_1_111' title='bbox 421 2269 481 2332; x_wconf 86' lang='lat' dir='ltr'>ego</span> <span class='ocrx_word' id='word_1_112' title='bbox 505 2246 634 2330; x_wconf 90' lang='lat' dir='ltr'>quidem</span> <span class='ocrx_word' id='word_1_113' title='bbox 652 2268 718 2310; x_wconf 90' lang='lat' dir='ltr'>non</span> <span class='ocrx_word' id='word_1_114' title='bbox 737 2246 918 2311; x_wconf 90' lang='lat' dir='ltr'>mehercule</span> <span class='ocrx_word' id='word_1_115' title='bbox 942 2248 1008 2312; x_wconf 93' lang='lat' dir='ltr'>ullo</span> <span class='ocrx_word' id='word_1_116' title='bbox 1028 2249 1122 2313; x_wconf 93' lang='lat' dir='ltr'>modo</span> <span class='ocrx_word' id='word_1_117' title='bbox 1142 2250 1224 2314; x_wconf 85' lang='lat' dir='ltr'>cela·</span> 
     </span>
     <span class='ocr_line' id='line_1_17' title="bbox 91 2353 1225 2440; baseline 0.005 -25"><span class='ocrx_word' id='word_1_118' title='bbox 91 2375 202 2438; x_wconf 80' lang='lat' dir='ltr'>reram,</span> <span class='ocrx_word' id='word_1_119' title='bbox 244 2356 299 2420; x_wconf 89' lang='lat' dir='ltr'>sed</span> <span class='ocrx_word' id='word_1_120' title='bbox 332 2354 467 2420; x_wconf 88' lang='lat' dir='ltr'>eandem</span> <span class='ocrx_word' id='word_1_121' title='bbox 499 2375 564 2418; x_wconf 92' lang='lat' dir='ltr'>non</span> <span class='ocrx_word' id='word_1_122' title='bbox 598 2353 730 2418; x_wconf 89' lang='lat' dir='ltr'>destitui</span> <span class='ocrx_word' id='word_1_123' title='bbox 768 2354 920 2438; x_wconf 84' lang='lat' dir='ltr'>analogia</span> <span class='ocrx_word' id='word_1_124' title='bbox 951 2360 1020 2420; x_wconf 86' lang='lat' dir='ltr'>tam</span> <span class='ocrx_word' id='word_1_125' title='bbox 1053 2357 1225 2440; x_wconf 78' lang='lat' dir='ltr'>diligenter</span> 
     </span>
     <span class='ocr_line' id='line_1_18' title="bbox 93 2458 1223 2545; baseline 0.005 -23"><span class='ocrx_word' id='word_1_126' title='bbox 93 2461 283 2525; x_wconf 84' lang='lat' dir='ltr'>ostenderam</span> <span class='ocrx_word' id='word_1_127' title='bbox 306 2467 438 2545; x_wconf 87' lang='lat' dir='ltr'>tamque</span> <span class='ocrx_word' id='word_1_128' title='bbox 461 2460 661 2544; x_wconf 86' lang='lat' dir='ltr'>propinquae</span> <span class='ocrx_word' id='word_1_129' title='bbox 677 2458 850 2524; x_wconf 79' lang='lat' dir='ltr'>Saeturnus</span> <span class='ocrx_word' id='word_1_130' title='bbox 871 2460 995 2524; x_wconf 87' lang='lat' dir='ltr'>formae</span> <span class='ocrx_word' id='word_1_131' title='bbox 1014 2462 1223 2528; x_wconf 86' lang='lat' dir='ltr'>similitudine</span> 
     </span>
     <span class='ocr_line' id='line_1_19' title="bbox 91 2564 1295 2649; baseline 0.004 -20"><span class='ocrx_word' id='word_1_132' title='bbox 91 2566 292 2646; x_wconf 82' lang='lat' dir='ltr'>probaveram</span> <span class='ocrx_word' id='word_1_133' title='bbox 316 2571 366 2648; x_wconf 91' lang='lat' dir='ltr'>ut,</span> <span class='ocrx_word' id='word_1_134' title='bbox 397 2588 453 2630; x_wconf 91' lang='lat' dir='ltr'>cur</span> <span class='ocrx_word' id='word_1_135' title='bbox 477 2566 532 2630; x_wconf 78' lang='lat' dir='ltr'>‘ne</span> <span class='ocrx_word' id='word_1_136' title='bbox 556 2565 700 2648; x_wconf 90' lang='lat' dir='ltr'>potuisse</span> <span class='ocrx_word' id='word_1_137' title='bbox 724 2564 852 2649; x_wconf 90' lang='lat' dir='ltr'>quidem</span> <span class='ocrx_word' id='word_1_138' title='bbox 880 2566 928 2630; x_wconf 89' lang='lat' dir='ltr'>ita</span> <span class='ocrx_word' id='word_1_139' title='bbox 951 2567 1064 2631; x_wconf 90' lang='lat' dir='ltr'>scribi&#39;</span> <span class='ocrx_word' id='word_1_140' title='bbox 1087 2567 1222 2634; x_wconf 90' lang='lat' dir='ltr'>Momm·</span> <span class='ocrx_word' id='word_1_141' title='bbox 1237 2601 1295 2642; x_wconf 67' lang='grc' dir='ltr'><strong>χιι</strong></span> 
     </span>
     <span class='ocr_line' id='line_1_20' title="bbox 92 2670 1224 2757; baseline 0.007 -25"><span class='ocrx_word' id='word_1_142' title='bbox 92 2693 176 2736; x_wconf 84' lang='lat' dir='ltr'>senus</span> <span class='ocrx_word' id='word_1_143' title='bbox 199 2673 374 2737; x_wconf 88' lang='lat' dir='ltr'>contendat</span> <span class='ocrx_word' id='word_1_144' title='bbox 401 2671 466 2757; x_wconf 84' lang='lat' dir='ltr'>(vel</span> <span class='ocrx_word' id='word_1_145' title='bbox 490 2677 526 2736; x_wconf 89' lang='lat' dir='ltr'>ut</span> <span class='ocrx_word' id='word_1_146' title='bbox 548 2672 650 2756; x_wconf 83' lang='lat' dir='ltr'>ipsius</span> <span class='ocrx_word' id='word_1_147' title='bbox 673 2671 774 2736; x_wconf 82' lang='lat' dir='ltr'>rerba</span> <span class='ocrx_word' id='word_1_148' title='bbox 797 2693 935 2756; x_wconf 85' lang='lat' dir='ltr'>servem,</span> <span class='ocrx_word' id='word_1_149' title='bbox 965 2670 1040 2737; x_wconf 76' lang='lat' dir='ltr'>‘sibi</span> <span class='ocrx_word' id='word_1_150' title='bbox 1063 2675 1224 2740; x_wconf 88' lang='lat' dir='ltr'>constare’</span> 
     </span>
     <span class='ocr_line' id='line_1_21' title="bbox 93 2775 1222 2864; baseline 0.006 -25"><span class='ocrx_word' id='word_1_151' title='bbox 93 2775 188 2862; x_wconf 85' lang='lat' dir='ltr'>dicat),</span> <span class='ocrx_word' id='word_1_152' title='bbox 212 2779 344 2844; x_wconf 90' lang='lat' dir='ltr'>minime</span> <span class='ocrx_word' id='word_1_153' title='bbox 364 2779 570 2862; x_wconf 84' lang='lat' dir='ltr'>perspiciam:</span> <span class='ocrx_word' id='word_1_154' title='bbox 594 2779 785 2863; x_wconf 89' lang='lat' dir='ltr'>praesertim</span> <span class='ocrx_word' id='word_1_155' title='bbox 804 2780 965 2864; x_wconf 89' lang='lat' dir='ltr'>cumipse</span> <span class='ocrx_word' id='word_1_156' title='bbox 984 2781 1138 2846; x_wconf 87' lang='lat' dir='ltr'>concedat</span> <span class='ocrx_word' id='word_1_157' title='bbox 1157 2783 1222 2846; x_wconf 86' lang='lat' dir='ltr'>eius</span> 
     </span>
     <span class='ocr_line' id='line_1_22' title="bbox 93 2885 1222 2974; baseline 0.006 -28"><span class='ocrx_word' id='word_1_158' title='bbox 93 2885 196 2948; x_wconf 85' lang='lat' dir='ltr'>aetatis</span> <span class='ocrx_word' id='word_1_159' title='bbox 220 2886 352 2950; x_wconf 87' lang='lat' dir='ltr'>titulum</span> <span class='ocrx_word' id='word_1_160' title='bbox 376 2906 460 2967; x_wconf 88' lang='lat' dir='ltr'>esse,</span> <span class='ocrx_word' id='word_1_161' title='bbox 487 2886 575 2950; x_wconf 89' lang='lat' dir='ltr'>cuius</span> <span class='ocrx_word' id='word_1_162' title='bbox 599 2890 765 2969; x_wconf 88' lang='lat' dir='ltr'>praeterea</span> <span class='ocrx_word' id='word_1_163' title='bbox 788 2886 984 2970; x_wconf 87' lang='lat' dir='ltr'>paucissima</span> <span class='ocrx_word' id='word_1_164' title='bbox 1007 2887 1047 2951; x_wconf 85' lang='lat' dir='ltr'>ad</span> <span class='ocrx_word' id='word_1_165' title='bbox 1070 2909 1128 2952; x_wconf 89' lang='lat' dir='ltr'>noa</span> <span class='ocrx_word' id='word_1_166' title='bbox 1153 2911 1222 2974; x_wconf 88' lang='lat' dir='ltr'>per-</span> 
     </span>
     <span class='ocr_line' id='line_1_23' title="bbox 94 2993 1224 3076; baseline 0.009 -25"><span class='ocrx_word' id='word_1_167' title='bbox 94 2993 225 3056; x_wconf 76' lang='lat' dir='ltr'>venerint</span> <span class='ocrx_word' id='word_1_168' title='bbox 255 2996 467 3057; x_wconf 91' lang='lat' dir='ltr'>monumenta</span> <span class='ocrx_word' id='word_1_169' title='bbox 494 3014 598 3076; x_wconf 89' lang='lat' dir='ltr'>sacra,</span> <span class='ocrx_word' id='word_1_170' title='bbox 632 3014 731 3076; x_wconf 88' lang='lat' dir='ltr'>eaque</span> <span class='ocrx_word' id='word_1_171' title='bbox 765 2996 926 3058; x_wconf 83' lang='lat' dir='ltr'>vetustate</span> <span class='ocrx_word' id='word_1_172' title='bbox 954 2993 1038 3057; x_wconf 87' lang='lat' dir='ltr'>alius</span> <span class='ocrx_word' id='word_1_173' title='bbox 1065 2995 1112 3060; x_wconf 91' lang='lat' dir='ltr'>rei</span> <span class='ocrx_word' id='word_1_174' title='bbox 1139 2995 1224 3061; x_wconf 75' lang='lat' dir='ltr'>inse</span> 
     </span>
    </p>
   </div>
   <div class='ocr_carea' id='block_1_5' title="bbox 31 3166 1224 4390">
    <p class='ocr_par' dir='ltr' id='par_1_5' title="bbox 92 3166 1224 4126">
     <span class='ocr_line' id='line_1_24' title="bbox 168 3166 1224 3242; baseline 0.006 -22"><span class='ocrx_word' id='word_1_175' title='bbox 168 3169 193 3236; x_wconf 63' lang='grc' dir='ltr'>ἕ)</span> <span class='ocrx_word' id='word_1_176' title='bbox 213 3167 303 3237; x_wconf 88' lang='lat' dir='ltr'>Ipsius</span> <span class='ocrx_word' id='word_1_177' title='bbox 321 3166 548 3237; x_wconf 83' lang='lat' dir='ltr'>interpretationi</span> <span class='ocrx_word' id='word_1_178' title='bbox 572 3168 647 3236; x_wconf 90' lang='lat' dir='ltr'>quod</span> <span class='ocrx_word' id='word_1_179' title='bbox 671 3183 724 3236; x_wconf 81' lang='lat' dir='ltr'>ego</span> <span class='ocrx_word' id='word_1_180' title='bbox 747 3184 946 3236; x_wconf 87' lang='lat' dir='ltr'>opposueram,</span> <span class='ocrx_word' id='word_1_181' title='bbox 973 3185 1073 3238; x_wconf 84' lang='lat' dir='ltr'>parum</span> <span class='ocrx_word' id='word_1_182' title='bbox 1096 3170 1224 3242; x_wconf 81' lang='lat' dir='ltr'>intellegi</span> 
     </span>
     <span class='ocr_line' id='line_1_25' title="bbox 92 3254 1223 3328; baseline 0.008 -23"><span class='ocrx_word' id='word_1_183' title='bbox 92 3254 210 3324; x_wconf 84' lang='lat' dir='ltr'>adquam</span> <span class='ocrx_word' id='word_1_184' title='bbox 223 3257 274 3311; x_wconf 88' lang='lat' dir='ltr'>illa</span> <span class='ocrx_word' id='word_1_185' title='bbox 289 3260 450 3328; x_wconf 72' lang='lat' dir='ltr'>spectarent</span> <span class='ocrx_word' id='word_1_186' title='bbox 462 3275 480 3311; x_wconf 91' lang='lat' dir='ltr'>a</span> <span class='ocrx_word' id='word_1_187' title='bbox 489 3257 660 3312; x_wconf 85' lang='lat' dir='ltr'>Mommseno</span> <span class='ocrx_word' id='word_1_188' title='bbox 675 3257 869 3310; x_wconf 87' lang='lat' dir='ltr'>commendata</span> <span class='ocrx_word' id='word_1_189' title='bbox 881 3257 936 3312; x_wconf 79' lang='lat' dir='ltr'>‘die</span> <span class='ocrx_word' id='word_1_190' title='bbox 949 3259 1080 3326; x_wconf 68' lang='lat' dir='ltr'>nefastus]</span> <span class='ocrx_word' id='word_1_191' title='bbox 1092 3259 1223 3327; x_wconf 67' lang='lat' dir='ltr'>scatud’,</span> 
     </span>
     <span class='ocr_line' id='line_1_26' title="bbox 93 3339 1222 3415; baseline 0.004 -17"><span class='ocrx_word' id='word_1_192' title='bbox 93 3339 115 3393; x_wconf 82' lang='lat' dir='ltr'>id</span> <span class='ocrx_word' id='word_1_193' title='bbox 131 3359 209 3414; x_wconf 79' lang='lat' dir='ltr'>aegre</span> <span class='ocrx_word' id='word_1_194' title='bbox 228 3362 360 3415; x_wconf 83' lang='lat' dir='ltr'>assequor</span> <span class='ocrx_word' id='word_1_195' title='bbox 378 3345 518 3414; x_wconf 87' lang='lat' dir='ltr'>quomodo</span> <span class='ocrx_word' id='word_1_196' title='bbox 540 3345 580 3400; x_wconf 89' lang='lat' dir='ltr'>oia</span> <span class='ocrx_word' id='word_1_197' title='bbox 605 3345 740 3414; x_wconf 88' lang='lat' dir='ltr'>exemplis</span> <span class='ocrx_word' id='word_1_198' title='bbox 764 3344 888 3400; x_wconf 86' lang='lat' dir='ltr'>diluatur</span> <span class='ocrx_word' id='word_1_199' title='bbox 913 3362 984 3415; x_wconf 84' lang='lat' dir='ltr'>quae</span> <span class='ocrx_word' id='word_1_200' title='bbox 1005 3346 1222 3415; x_wconf 87' lang='lat' dir='ltr'>‘quodammodo</span> 
     </span>
     <span class='ocr_line' id='line_1_27' title="bbox 94 3433 1222 3502; baseline 0.005 -18"><span class='ocrx_word' id='word_1_201' title='bbox 94 3445 161 3496; x_wconf 82' lang='lat' dir='ltr'>posse</span> <span class='ocrx_word' id='word_1_202' title='bbox 179 3433 345 3502; x_wconf 84' lang='lat' dir='ltr'>comparari’</span> <span class='ocrx_word' id='word_1_203' title='bbox 366 3433 523 3488; x_wconf 81' lang='lat' dir='ltr'>contendit:</span> <span class='ocrx_word' id='word_1_204' title='bbox 550 3433 673 3502; x_wconf 74' lang='grc' dir='ltr'><strong>Ἲιαιιιιιι,</strong></span> <span class='ocrx_word' id='word_1_205' title='bbox 696 3450 769 3486; x_wconf 78' lang='lat' dir='ltr'>same</span> <span class='ocrx_word' id='word_1_206' title='bbox 787 3434 964 3487; x_wconf 77' lang='lat' dir='ltr'>sarmentum&#39;</span> <span class='ocrx_word' id='word_1_207' title='bbox 990 3437 1019 3488; x_wconf 86' lang='lat' dir='ltr'>et</span> <span class='ocrx_word' id='word_1_208' title='bbox 1043 3435 1126 3490; x_wconf 81' lang='lat' dir='ltr'>‘bane</span> <span class='ocrx_word' id='word_1_209' title='bbox 1144 3453 1222 3490; x_wconf 85' lang='lat' dir='ltr'>oram</span> 
     </span>
     <span class='ocr_line' id='line_1_28' title="bbox 93 3521 1222 3595; baseline 0.004 -21"><span class='ocrx_word' id='word_1_210' title='bbox 93 3522 174 3586; x_wconf 66' lang='grc' dir='ltr'><strong>πιςιιι</strong></span> <span class='ocrx_word' id='word_1_211' title='bbox 196 3523 319 3578; x_wconf 63' lang='lat' dir='ltr'>dealbat!</span> <span class='ocrx_word' id='word_1_212' title='bbox 368 3521 482 3578; x_wconf 81' lang='lat' dir='ltr'>Scilicet</span> <span class='ocrx_word' id='word_1_213' title='bbox 504 3521 600 3577; x_wconf 85' lang='lat' dir='ltr'>addito</span> <span class='ocrx_word' id='word_1_214' title='bbox 623 3523 722 3590; x_wconf 66' lang='lat' dir='ltr'>ttamen</span> <span class='ocrx_word' id='word_1_215' title='bbox 745 3525 775 3576; x_wconf 90' lang='lat' dir='ltr'>et</span> <span class='ocrx_word' id='word_1_216' title='bbox 796 3522 909 3592; x_wconf 54' lang='lat' dir='ltr'>quaid</span> <span class='ocrx_word' id='word_1_217' title='bbox 928 3521 1018 3592; x_wconf 84' lang='lat' dir='ltr'>ipsum</span> <span class='ocrx_word' id='word_1_218' title='bbox 1042 3523 1222 3595; x_wconf 89' lang='lat' dir='ltr'>inpromptu</span> 
     </span>
     <span class='ocr_line' id='line_1_29' title="bbox 95 3610 1222 3680; baseline 0.005 -20"><span class='ocrx_word' id='word_1_219' title='bbox 95 3611 214 3678; x_wconf 82' lang='lat' dir='ltr'>estquod</span> <span class='ocrx_word' id='word_1_220' title='bbox 237 3611 297 3666; x_wconf 88' lang='lat' dir='ltr'>illio</span> <span class='ocrx_word' id='word_1_221' title='bbox 320 3611 521 3667; x_wconf 85' lang='lat' dir='ltr'>desiderabam.</span> <span class='ocrx_word' id='word_1_222' title='bbox 546 3642 579 3651; x_wconf 96' lang='lat'>—</span> <span class='ocrx_word' id='word_1_223' title='bbox 604 3611 734 3666; x_wconf 84' lang='lat' dir='ltr'>Ceterum</span> <span class='ocrx_word' id='word_1_224' title='bbox 758 3611 859 3680; x_wconf 86' lang='lat' dir='ltr'>quibua</span> <span class='ocrx_word' id='word_1_225' title='bbox 882 3610 911 3666; x_wconf 89' lang='lat' dir='ltr'>in</span> <span class='ocrx_word' id='word_1_226' title='bbox 934 3613 987 3666; x_wconf 82' lang='lat' dir='ltr'>hec</span> <span class='ocrx_word' id='word_1_227' title='bbox 1010 3629 1108 3666; x_wconf 85' lang='lat' dir='ltr'>caussa</span> <span class='ocrx_word' id='word_1_228' title='bbox 1130 3612 1222 3667; x_wconf 82' lang='lat' dir='ltr'>verbis</span> 
     </span>
     <span class='ocr_line' id='line_1_30' title="bbox 94 3693 1222 3770; baseline 0.008 -23"><span class='ocrx_word' id='word_1_229' title='bbox 94 3693 265 3756; x_wconf 84' lang='lat' dir='ltr'>llommsenus</span> <span class='ocrx_word' id='word_1_230' title='bbox 284 3701 385 3755; x_wconf 89' lang='lat' dir='ltr'>utitur:</span> <span class='ocrx_word' id='word_1_231' title='bbox 411 3699 472 3754; x_wconf 79' lang='lat' dir='ltr'>‘sed</span> <span class='ocrx_word' id='word_1_232' title='bbox 491 3702 523 3752; x_wconf 87' lang='lat' dir='ltr'>ut</span> <span class='ocrx_word' id='word_1_233' title='bbox 542 3716 575 3754; x_wconf 83' lang='lat' dir='ltr'>aa</span> <span class='ocrx_word' id='word_1_234' title='bbox 593 3716 665 3768; x_wconf 83' lang='lat' dir='ltr'>quae</span> <span class='ocrx_word' id='word_1_235' title='bbox 683 3701 815 3770; x_wconf 84' lang='lat' dir='ltr'>proposui</span> <span class='ocrx_word' id='word_1_236' title='bbox 839 3700 906 3755; x_wconf 85' lang='lat' dir='ltr'>satis</span> <span class='ocrx_word' id='word_1_237' title='bbox 930 3701 1051 3755; x_wconf 85' lang='lat' dir='ltr'>habeam</span> <span class='ocrx_word' id='word_1_238' title='bbox 1069 3701 1111 3756; x_wconf 86' lang='lat' dir='ltr'>ita</span> <span class='ocrx_word' id='word_1_239' title='bbox 1128 3701 1222 3757; x_wconf 84' lang='lat' dir='ltr'>dafen-</span> 
     </span>
     <span class='ocr_line' id='line_1_31' title="bbox 95 3782 1222 3859; baseline 0.008 -23"><span class='ocrx_word' id='word_1_240' title='bbox 95 3782 163 3854; x_wconf 83' lang='lat' dir='ltr'>disse,</span> <span class='ocrx_word' id='word_1_241' title='bbox 180 3791 213 3843; x_wconf 87' lang='lat' dir='ltr'>ut</span> <span class='ocrx_word' id='word_1_242' title='bbox 230 3807 289 3844; x_wconf 84' lang='lat' dir='ltr'>esse</span> <span class='ocrx_word' id='word_1_243' title='bbox 308 3788 465 3859; x_wconf 88' lang='lat' dir='ltr'>potuerint,</span> <span class='ocrx_word' id='word_1_244' title='bbox 492 3805 546 3842; x_wconf 89' lang='lat' dir='ltr'>nou</span> <span class='ocrx_word' id='word_1_245' title='bbox 570 3790 602 3841; x_wconf 88' lang='lat' dir='ltr'>ut</span> <span class='ocrx_word' id='word_1_246' title='bbox 624 3786 665 3842; x_wconf 78' lang='lat' dir='ltr'>ita</span> <span class='ocrx_word' id='word_1_247' title='bbox 688 3787 801 3842; x_wconf 90' lang='lat' dir='ltr'>omnino</span> <span class='ocrx_word' id='word_1_248' title='bbox 824 3805 913 3858; x_wconf 87' lang='lat' dir='ltr'>neque</span> <span class='ocrx_word' id='word_1_249' title='bbox 933 3789 1015 3844; x_wconf 83' lang='lat' dir='ltr'>aliter·</span> <span class='ocrx_word' id='word_1_250' title='bbox 1034 3789 1160 3858; x_wconf 81' lang='lat' dir='ltr'>fuerint&#39;,</span> <span class='ocrx_word' id='word_1_251' title='bbox 1189 3808 1222 3845; x_wconf 84' lang='lat' dir='ltr'>aa</span> 
     </span>
     <span class='ocr_line' id='line_1_32' title="bbox 95 3875 1222 3948; baseline 0.006 -23"><span class='ocrx_word' id='word_1_252' title='bbox 95 3875 165 3929; x_wconf 85' lang='lat' dir='ltr'>rerba</span> <span class='ocrx_word' id='word_1_253' title='bbox 182 3895 424 3948; x_wconf 84' lang='lat' dir='ltr'>possum-prorsus</span> <span class='ocrx_word' id='word_1_254' title='bbox 442 3877 627 3930; x_wconf 76' lang='lat' dir='ltr'>mesfacere:</span> <span class='ocrx_word' id='word_1_255' title='bbox 650 3893 702 3931; x_wconf 90' lang='lat' dir='ltr'>nec</span> <span class='ocrx_word' id='word_1_256' title='bbox 725 3877 799 3930; x_wconf 89' lang='lat' dir='ltr'>enim</span> <span class='ocrx_word' id='word_1_257' title='bbox 821 3877 899 3933; x_wconf 88' lang='lat' dir='ltr'>nullo</span> <span class='ocrx_word' id='word_1_258' title='bbox 922 3880 1005 3948; x_wconf 86' lang='lat' dir='ltr'>pacto</span> <span class='ocrx_word' id='word_1_259' title='bbox 1028 3895 1110 3948; x_wconf 84' lang='lat' dir='ltr'>posse</span> <span class='ocrx_word' id='word_1_260' title='bbox 1129 3879 1222 3933; x_wconf 90' lang='lat' dir='ltr'>locum</span> 
     </span>
     <span class='ocr_line' id='line_1_33' title="bbox 94 3959 1221 4034; baseline 0.008 -21"><span class='ocrx_word' id='word_1_261' title='bbox 94 3959 183 4019; x_wconf 85' lang='lat' dir='ltr'>babere</span> <span class='ocrx_word' id='word_1_262' title='bbox 196 3966 361 4020; x_wconf 80' lang='lat' dir='ltr'>Mommsani</span> <span class='ocrx_word' id='word_1_263' title='bbox 378 3966 515 4020; x_wconf 87' lang='lat' dir='ltr'>rationem</span> <span class='ocrx_word' id='word_1_264' title='bbox 534 3965 794 4034; x_wconf 68' lang='lat' dir='ltr'>pronuntiarem,</span> <span class='ocrx_word' id='word_1_265' title='bbox 813 3967 862 4020; x_wconf 88' lang='lat' dir='ltr'>sed</span> <span class='ocrx_word' id='word_1_266' title='bbox 876 3965 1002 4033; x_wconf 80' lang='lat' dir='ltr'>diffidere</span> <span class='ocrx_word' id='word_1_267' title='bbox 1016 3985 1060 4022; x_wconf 90' lang='lat' dir='ltr'>ma</span> <span class='ocrx_word' id='word_1_268' title='bbox 1079 3966 1123 4021; x_wconf 89' lang='lat' dir='ltr'>illi</span> <span class='ocrx_word' id='word_1_269' title='bbox 1137 3967 1221 4022; x_wconf 84' lang='lat' dir='ltr'>certis</span> 
     </span>
     <span class='ocr_line' id='line_1_34' title="bbox 96 4053 1222 4126; baseline 0.006 -23"><span class='ocrx_word' id='word_1_270' title='bbox 96 4053 184 4107; x_wconf 79' lang='lat' dir='ltr'>muscis</span> <span class='ocrx_word' id='word_1_271' title='bbox 206 4055 300 4110; x_wconf 83' lang='lat' dir='ltr'>allatis</span> <span class='ocrx_word' id='word_1_272' title='bbox 324 4053 560 4124; x_wconf 80' lang='lat' dir='ltr'>significaveram,</span> <span class='ocrx_word' id='word_1_273' title='bbox 589 4071 640 4109; x_wconf 88' lang='lat' dir='ltr'>nac</span> <span class='ocrx_word' id='word_1_274' title='bbox 662 4073 727 4111; x_wconf 86' lang='lat' dir='ltr'>mea</span> <span class='ocrx_word' id='word_1_275' title='bbox 750 4055 910 4110; x_wconf 85' lang='lat' dir='ltr'>coniectura</span> <span class='ocrx_word' id='word_1_276' title='bbox 931 4056 1072 4126; x_wconf 79' lang='lat' dir='ltr'>professus</span> <span class='ocrx_word' id='word_1_277' title='bbox 1096 4075 1157 4110; x_wconf 81' lang='lat' dir='ltr'>rum</span> <span class='ocrx_word' id='word_1_278' title='bbox 1180 4057 1222 4111; x_wconf 88' lang='lat' dir='ltr'>ita</span> 
     </span>
    </p>

    <p class='ocr_par' dir='ltr' id='par_1_6' title="bbox 31 4141 1221 4390">
     <span class='ocr_line' id='line_1_35' title="bbox 31 4141 1221 4216; baseline 0.007 -24"><span class='ocrx_word' id='word_1_279' title='bbox 31 4196 35 4216; x_wconf 44' lang='grc' dir='ltr'>Ι</span> <span class='ocrx_word' id='word_1_280' title='bbox 96 4153 130 4192; x_wconf 86' lang='lat' dir='ltr'>me</span> <span class='ocrx_word' id='word_1_281' title='bbox 147 4143 291 4211; x_wconf 85' lang='lat' dir='ltr'>confidere,</span> <span class='ocrx_word' id='word_1_282' title='bbox 311 4147 345 4198; x_wconf 87' lang='lat' dir='ltr'>ut</span> <span class='ocrx_word' id='word_1_283' title='bbox 362 4143 517 4198; x_wconf 87' lang='lat' dir='ltr'>necessario</span> <span class='ocrx_word' id='word_1_284' title='bbox 535 4141 577 4197; x_wconf 77' lang='lat' dir='ltr'>ita</span> <span class='ocrx_word' id='word_1_285' title='bbox 593 4159 653 4197; x_wconf 88' lang='lat' dir='ltr'>rem</span> <span class='ocrx_word' id='word_1_286' title='bbox 672 4145 755 4199; x_wconf 82' lang='lat' dir='ltr'>luisse</span> <span class='ocrx_word' id='word_1_287' title='bbox 769 4162 859 4213; x_wconf 87' lang='lat' dir='ltr'>neque</span> <span class='ocrx_word' id='word_1_288' title='bbox 874 4145 932 4201; x_wconf 90' lang='lat' dir='ltr'>ullo</span> <span class='ocrx_word' id='word_1_289' title='bbox 947 4145 1029 4200; x_wconf 89' lang='lat' dir='ltr'>modo</span> <span class='ocrx_word' id='word_1_290' title='bbox 1044 4161 1124 4215; x_wconf 82' lang='lat' dir='ltr'>posse</span> <span class='ocrx_word' id='word_1_291' title='bbox 1138 4145 1221 4200; x_wconf 84' lang='lat' dir='ltr'>aliter</span> 
     </span>
     <span class='ocr_line' id='line_1_36' title="bbox 97 4227 1221 4289; baseline 0.011 -13"><span class='ocrx_word' id='word_1_292' title='bbox 97 4242 120 4278; x_wconf 83' lang='lat' dir='ltr'>se</span> <span class='ocrx_word' id='word_1_293' title='bbox 135 4227 229 4286; x_wconf 87' lang='lat' dir='ltr'>babere</span> <span class='ocrx_word' id='word_1_294' title='bbox 247 4231 453 4287; x_wconf 87' lang='lat' dir='ltr'>contenderem.</span> <span class='ocrx_word' id='word_1_295' title='bbox 482 4230 637 4285; x_wconf 86' lang='lat' dir='ltr'>Prudenter</span> <span class='ocrx_word' id='word_1_296' title='bbox 655 4233 750 4286; x_wconf 86' lang='lat' dir='ltr'>autem</span> <span class='ocrx_word' id='word_1_297' title='bbox 768 4232 923 4287; x_wconf 89' lang='lat' dir='ltr'>dubitando</span> <span class='ocrx_word' id='word_1_298' title='bbox 942 4236 972 4288; x_wconf 91' lang='lat' dir='ltr'>et</span> <span class='ocrx_word' id='word_1_299' title='bbox 990 4233 1049 4288; x_wconf 82' lang='lat' dir='ltr'>sine</span> <span class='ocrx_word' id='word_1_300' title='bbox 1068 4233 1221 4289; x_wconf 85' lang='lat' dir='ltr'>acrimonia</span> 
     </span>
     <span class='ocr_line' id='line_1_37' title="bbox 96 4313 1221 4390; baseline 0.006 -22"><span class='ocrx_word' id='word_1_301' title='bbox 96 4313 254 4386; x_wconf 86' lang='lat' dir='ltr'>obloquendo</span> <span class='ocrx_word' id='word_1_302' title='bbox 273 4323 303 4374; x_wconf 86' lang='lat' dir='ltr'>et</span> <span class='ocrx_word' id='word_1_303' title='bbox 320 4319 447 4374; x_wconf 85' lang='lat' dir='ltr'>modeste</span> <span class='ocrx_word' id='word_1_304' title='bbox 466 4319 650 4374; x_wconf 82' lang='lat' dir='ltr'>coniectando</span> <span class='ocrx_word' id='word_1_305' title='bbox 667 4320 744 4389; x_wconf 89' lang='lat' dir='ltr'>plus,</span> <span class='ocrx_word' id='word_1_306' title='bbox 767 4321 820 4376; x_wconf 84' lang='lat' dir='ltr'>nisi</span> <span class='ocrx_word' id='word_1_307' title='bbox 837 4321 930 4388; x_wconf 78' lang='lat' dir='ltr'>fallor,</span> <span class='ocrx_word' id='word_1_308' title='bbox 948 4321 977 4375; x_wconf 90' lang='lat' dir='ltr'>in</span> <span class='ocrx_word' id='word_1_309' title='bbox 996 4322 1039 4376; x_wconf 89' lang='lat' dir='ltr'>his</span> <span class='ocrx_word' id='word_1_310' title='bbox 1058 4321 1161 4377; x_wconf 87' lang='lat' dir='ltr'>litteris</span> <span class='ocrx_word' id='word_1_311' title='bbox 1179 4324 1221 4390; x_wconf 91' lang='lat' dir='ltr'>(ut</span> 
     </span>
    </p>
   </div>
   <div class='ocr_carea' id='block_1_6' title="bbox 96 4399 1221 4567">
    <p class='ocr_par' dir='ltr' id='par_1_7' title="bbox 96 4399 1221 4567">
     <span class='ocr_line' id='line_1_38' title="bbox 97 4399 1221 4480; baseline 0.005 -21"><span class='ocrx_word' id='word_1_312' title='bbox 97 4399 119 4455; x_wconf 85' lang='lat' dir='ltr'>in</span> <span class='ocrx_word' id='word_1_313' title='bbox 134 4408 264 4477; x_wconf 82' lang='lat' dir='ltr'>omnibus)</span> <span class='ocrx_word' id='word_1_314' title='bbox 284 4427 369 4478; x_wconf 86' lang='lat' dir='ltr'>quam</span> <span class='ocrx_word' id='word_1_315' title='bbox 387 4411 493 4464; x_wconf 86' lang='lat' dir='ltr'>temere</span> <span class='ocrx_word' id='word_1_316' title='bbox 512 4406 650 4462; x_wconf 87' lang='lat' dir='ltr'>credendo</span> <span class='ocrx_word' id='word_1_317' title='bbox 668 4411 698 4464; x_wconf 89' lang='lat' dir='ltr'>et</span> <span class='ocrx_word' id='word_1_318' title='bbox 712 4409 896 4480; x_wconf 86' lang='lat' dir='ltr'>obsequenter</span> <span class='ocrx_word' id='word_1_319' title='bbox 910 4411 1088 4466; x_wconf 81' lang='lat' dir='ltr'>assentiendo</span> <span class='ocrx_word' id='word_1_320' title='bbox 1107 4413 1136 4466; x_wconf 90' lang='lat' dir='ltr'>et</span> <span class='ocrx_word' id='word_1_321' title='bbox 1149 4410 1221 4466; x_wconf 90' lang='lat' dir='ltr'>nibil</span> 
     </span>
     <span class='ocr_line' id='line_1_39' title="bbox 96 4493 374 4567; baseline 0.032 -24"><span class='ocrx_word' id='word_1_322' title='bbox 96 4493 205 4550; x_wconf 82' lang='lat' dir='ltr'>audendo</span> <span class='ocrx_word' id='word_1_323' title='bbox 222 4497 374 4567; x_wconf 86' lang='lat' dir='ltr'>proficitur.</span> 
     </span>
    </p>
   </div>
   <div class='ocr_carea' id='block_1_7' title="bbox 0 0 1550 5142">
    <p class='ocr_par' dir='ltr' id='par_1_8' title="bbox 0 0 1550 5142">
     <span class='ocr_line' id='line_1_40' title="bbox 0 0 1550 5142; baseline 0 0"><span class='ocrx_word' id='word_1_324' title='bbox 0 0 1550 5142; x_wconf 95' lang='lat' dir='ltr'> </span> 
     </span>
    </p>
   </div>
  </div>
 </body>
</html>
