3048 5144
432 386 687 434 corrnanrsrro
712 387 825 434 emon.
1139 370 1202 434 185

86 553 163 614 usquc
184 530 223 594 ad
246 553 366 595 annum
390 547 567 596 clolocvrn
590 527 668 614 (quo
689 531 758 613 ipse
778 529 845 592 vita
863 528 1014 614 decessit)
1037 531 1070 593 in
1091 529 1202 594 eadem

85 660 109 700 re
127 638 338 719 elaborarunt,
361 637 453 702 valde
478 637 575 702 dubia
598 637 642 701 sit
664 636 819 720 opinatio.
865 636 933 700 Nec
956 640 1062 700 tamen
1084 636 1118 700 in
1141 637 1203 700 hoe

84 744 193 826 Pighius
216 744 381 827 substitit,
411 765 519 808 verum
543 745 577 808 in
600 743 712 808 tabula
735 744 802 808 aeri
824 743 926 808 incisa
950 742 1067 807 adiecit
1090 742 1203 826 ‘ipsius

85 849 195 934 figuram
217 848 388 914 columnae
416 873 453 913 ex
477 851 710 934 antiquitatum
738 849 883 933 reliquiis
907 850 1072 932 eleganter
1094 848 1202 914 admo·

85 957 142 1018 dunr
165 955 287 1020 Romae
314 957 525 1038 delineatam,
558 961 591 1021 et
621 957 798 1022 Aarosu
833 955 1015 1020 Lausum
1046 978 1105 1020 nec
1138 978 1203 1020 non

85 1061 342 1128 Turnaznvonvn
371 1065 508 1128 fratrum
534 1063 667 1128 formeis
698 1061 829 1126 aheneis
859 1061 1085 1154 publicatam’f
1122 1085 1204 1148 quae

85 1170 165 1253 iquru
195 1170 359 1255 integrum
390 1171 521 1235 titulum
553 1170 588 1232 in
617 1169 785 1233 columnae
814 1169 884 1232 basi
911 1167 1128 1253 perscriptum
1157 1191 1203 1233 re·

84 1279 256 1360 praesentat,
279 1299 347 1340 non
366 1277 434 1340 sine
452 1276 566 1359 paucis
585 1275 776 1360 quibusdam
795 1297 815 1338 a
828 1273 1037 1340 Florentiano
1057 1277 1203 1360 exemplo

84 1381 287 1466 discrepantiis
311 1383 517 1467 quantumvis
547 1381 595 1452 cis
619 1380 751 1452 levibus.
799 1379 859 1444 Sed
884 1403 947 1466 quo
971 1402 1056 1446 anno
1080 1381 1204 1446 Lafrcri

84 1488 144 1552 illud
177 1489 351 1554 artificium
388 1490 512 1556 Romam
548 1488 719 1573 prodierit,
756 1487 998 1570 incompertum.
1054 1487 1204 1553 Ceterum

85 1594 254 1678 Pighianum
289 1596 472 1680 exemplum
504 1595 538 1660 in
569 1618 628 1660 sua
656 1594 747 1659 Flori
776 1593 915 1659 editione
943 1619 970 1659 a.
994 1613 1204 1662 molucnxxx

84 1701 248 1787 Georgius
274 1701 465 1767 Graevius
487 1702 628 1768 iteravit.

152 1807 220 1873 Suis
245 1810 350 1874 oculis
374 1832 483 1874 recens
510 1813 675 1894 repertum
704 1807 843 1892 lapidem
873 1809 1012 1873 lustrare
1035 1810 1205 1874 etiamtum

84 1916 166 1998 potuit
182 1916 423 1982 Onveaarvs
446 1917 690 2001 Pauvrrvrvs,
714 1916 769 1999 qui
788 1937 871 1980 anno
895 1917 1096 1982 o1oronx'vur
1120 1914 1205 1979 diem

84 2043 242 2105 supremum
263 2025 356 2089 obiit.
389 2024 590 2108 Quamquam
610 2024 643 2088 in
667 2023 751 2088 hanc
771 2026 896 2107 partem
916 2021 998 2086 nihil
1020 2022 1109 2087 illinc
1133 2044 1205 2086 con·

83 2129 257 2212 cludendum,
282 2131 370 2214 quod
388 2131 515 2215 similis,
534 2131 590 2196 sed
612 2131 860 2216 haudquaquam
884 2148 1028 2213 congrua
1047 2129 1205 2194 Lafreria-

83 2257 128 2299 nae
146 2236 313 2302 columnae
336 2237 445 2322 imago
469 2259 542 2302 aere
567 2259 733 2320 expressa,
763 2259 834 2301 cum
862 2235 1072 2320 inscriptione
1096 2240 1205 2302 tamen

84 2363 130 2406 nou
150 2344 180 2406 in
201 2345 290 2427 basi,
318 2365 429 2408 verum
452 2345 486 2408 in
509 2343 666 2429 singulari
688 2343 820 2407 tessella
841 2342 1010 2409 conlocata
1033 2343 1206 2428 eademque

84 2449 292 2532 supplementis
317 2453 425 2535 aucta,
452 2472 565 2535 reapse
589 2449 715 2514 adiecta
739 2451 788 2512 eat
807 2448 955 2514 Panvinii
979 2448 1018 2512 de
1040 2449 1234 2532 triumphos

84 2551 147 2617 libro
168 2555 199 2620 in
222 2555 383 2621 Graevii
407 2555 573 2622 Thesauro
597 2557 697 2640 antiq.
717 2557 811 2622 Rom.
834 2559 856 2621 t
875 2555 921 2621 IX
944 2580 974 2642 p.
996 2557 1089 2622 1384.
1122 2555 1207 2620 Nam

84 2681 124 2722 nec
143 2661 172 2726 in
194 2663 267 2747 ipso
294 2662 443 2728 Panvinii
467 2663 700 2729 commentario
729 2663 795 2728 ulla
822 2663 945 2728 mentio
968 2663 1006 2726 fit
1028 2661 1115 2726 illius
1138 2685 1207 2728 mo·

84 2769 216 2853 nonanti,
239 2789 303 2834 nec
326 2770 435 2852 potuit
456 2769 540 2853 fieri,
568 2772 605 2833 ut
628 2770 682 2854 qui
706 2761 769 2834 iam
796 2791 879 2834 anno
904 2785 1084 2853 crolonvn,
1109 2791 1206 2853 quan·

84 2875 133 2936 lun
157 2896 192 2938 ex
219 2875 339 2940 Eberti
367 2876 470 2940 lexico
499 2877 669 2962 intellego,
701 2875 849 2942 Venetiis
877 2880 964 2940 esset
991 2876 1079 2940 foras
1103 2875 1207 2941 datus.

85 2976 154 3044 lude
175 3003 248 3046 cum
273 2982 310 3045 in
332 2987 485 3066 promptu
509 2983 553 3047 sit
575 2983 720 3049 conicere
749 2984 783 3048 in
806 2983 1022 3067 posteriorum
1051 3005 1116 3047 una
1142 2981 1206 3046 edi·

85 3085 199 3170 tionum,
231 3109 319 3174 quae
346 3093 420 3173 post
446 3087 585 3156 mortem
613 3089 762 3154 Panvinii
790 3093 923 3174 paratae
951 3093 1039 3174 sunt,
1070 3091 1206 3174 figuram

85 3190 151 3258 illam
172 3217 310 3260 aeneam
333 3197 505 3262 accessisse
525 3198 667 3281 demum,
690 3201 761 3261 tum
779 3197 888 3261 nescio
912 3220 953 3261 an
976 3196 1009 3261 id
1033 3198 1098 3261 iam
1123 3218 1208 3261 anno

86 3315 239 3367 cromam
271 3301 395 3366 factum
428 3303 472 3367 sit
497 3303 531 3366 in
555 3302 684 3368 Veneta
713 3303 772 3368 illa
803 3325 900 3387 quam
933 3303 1090 3387 prodiisse
1123 3303 1207 3368 ‘cum

86 3404 171 3488 liguris
198 3407 324 3474 aeneis’
352 3408 502 3474 hladerus
529 3410 564 3474 in
593 3411 659 3475 suis
684 3411 723 3475 ad
746 3409 940 3474 Panvinium
972 3408 1207 3494 notis(Heln1·

87 3513 158 3576 stadii
189 3537 216 3578 a.
241 3533 454 3581 cmlocnxxv
482 3515 624 3603 emissis)
656 3521 807 3582 testatur:
841 3521 878 3580 ut
906 3517 956 3581 vel
984 3516 1060 3581 hinc
1088 3517 1139 3580 vel
1169 3537 1207 3578 ex

87 3616 170 3703 aliqua
197 3621 380 3704 posteriore
413 3620 503 3708 (uam
536 3624 634 3686 etiam
663 3621 823 3686 Venetam
858 3623 935 3686 anni
965 3639 1092 3705 cluloc,
1130 3623 1207 3686 item

87 3727 140 3788 anni
157 3745 360 3814 cumaeum
379 3727 566 3812 Romanam,
586 3728 802 3812 ‘Amplissimi
817 3728 1078 3812 ornatissimique
1096 3729 1207 3794 trium-

87 3830 127 3910 phi
145 3855 180 3898 ex
202 3835 425 3899 monumentis
448 3834 633 3919 descriptio'
661 3835 865 3920 inscriptam,
895 3834 1140 3902 commemoraui
1162 3836 1207 3898 vi-

87 3933 140 4024 deo)
160 3941 296 4024 petiisse
320 3939 476 4006 Graevius
499 3941 660 4026 putandus
684 3942 736 4006 sit.
779 3939 902 4006 Verum
926 3942 1011 4006 enim
1035 3963 1110 4006 vero
1135 3963 1207 4006 oum

88 4041 108 4104 in
125 4047 290 4111 catabula
310 4047 528 4131 inscriptionis
547 4049 677 4133 quidem
697 4047 799 4132 ipsius
819 4037 1000 4133 exemplum
1021 4054 1088 4114 tam
1107 4071 1208 4133 prope

88 4152 190 4218 laedat
220 4153 262 4217 ad
291 4152 445 4236 Pighiani
471 4153 714 4238 Lafrerianique
748 4154 900 4238 speciem,
937 4158 975 4218 ut
1002 4179 1017 4218 e
1046 4157 1207 4221 communi

87 4257 154 4322 filule
174 4261 324 4342 profesta
342 4281 412 4324 asse
431 4261 522 4325 facile
542 4261 722 4344 videantur,
744 4263 933 4326 lacunarum
953 4266 1061 4327 autem
1081 4264 1207 4347 supple·

89 4368 171 4429 menta
193 4371 225 4431 et
248 4365 421 4452 Pighianis
445 4371 477 4431 ct
499 4367 614 4431 ceteris
643 4391 725 4451 quae
750 4373 824 4432 sunt
852 4374 927 4452 post
949 4369 1036 4435 facta
1058 4371 1208 4436 omnibus

89 4463 279 4538 dissimillima
307 4473 388 4557 sint,
419 4474 565 4558 proximo
599 4479 707 4539 autem
736 4474 863 4539 saeculo
890 4476 925 4541 in
952 4477 1207 4560 reconcinnando
