3074 5138
353 389 641 440 onsaavnrrones
665 390 931 439 arroanrmoaa.
1148 371 1212 439 431

92 529 213 614 lapidem
236 552 306 595 esse
325 553 398 596 cum
415 532 538 616 primus
557 554 669 599 versus
688 537 879 618 argumento
899 535 950 596 est
968 553 1063 616 quam
1082 553 1216 615 prorsus

91 637 197 716 omisit,
223 643 294 702 turn
321 638 428 704 exitus
455 639 562 722 quarti
592 639 648 704 ubi
671 637 819 704 HOSTII
843 639 955 722 edidit,
987 639 1072 722 quod
1100 639 1216 704 saltem

23 767 35 830 p
91 765 148 807 esec
168 743 295 810 HOSTI
319 745 442 826 debuit,
469 743 533 810 fuit
560 745 646 810 haud
670 744 766 810 dubie
788 744 999 830 Hosrltss).
1046 744 1216 830 singulare

91 872 155 914 sane
179 855 210 915 et
237 850 380 926 insolens
412 850 515 915 videri
546 856 657 935 potest
688 852 722 916 in
755 853 890 918 eundem
917 851 1047 937 legendi
1075 873 1216 918 errorem

91 958 233 1022 communi
255 979 333 1024 casu
356 957 531 1024 Marinium
559 963 656 1042 atque
677 957 874 1044 Dumegium
897 958 1060 1024 incidisse:
1092 961 1216 1026 nullam

90 1063 159 1126 euim
179 1062 263 1128 huno
285 1065 376 1129 illius
400 1065 551 1131 notitiam
574 1065 727 1134 habuisse
751 1065 853 1150 ipsius
877 1066 1006 1132 silentio
1025 1067 1216 1135 credendum
1233 1089 1265 1128 vr

90 1169 147 1252 erit,
167 1172 314 1254 quamvis
338 1172 451 1236 mirari
475 1171 571 1236 liceat
588 1194 683 1238 versu
702 1172 901 1256 paenultimo
919 1173 1060 1237 lacerum
1079 1172 1216 1239 M·VA·

89 1274 176 1340 Lllltl
197 1298 314 1342 nomen
342 1281 411 1342 tam
434 1281 521 1343 recte
543 1301 617 1343 eum
641 1279 710 1344 sine
733 1277 865 1344 Marinii
892 1280 1039 1362 exemplo
1068 1280 1217 1364 expedire

88 1381 224 1465 putruisse.
268 1381 392 1448 Verum
414 1389 526 1450 temen
551 1406 613 1450 nec
638 1385 774 1478 in‚aliis
802 1408 867 1452 non
895 1385 1015 1450 erravit
1038 1385 1216 1472 Dumegius

89 1493 115 1552 ct
130 1490 262 1554 fortasse
281 1495 454 1575 utrumque
473 1513 539 1556 una
556 1514 671 1558 caussa
693 1491 818 1557 fefellit.
856 1491 982 1576 Quippe
1001 1495 1145 1577 graviter
1163 1493 1242 1558 ille.

88 1597 216 1678 peccarit
238 1597 449 1664 P·HOSTlL
478 1599 655 1665 substituto
679 1622 737 1682 pro
760 1597 990 1664 anostra:
1023 1600 1138 1684 levius,
1161 1600 1217 1666 sed

87 1705 216 1784 peccarit
238 1709 350 1770 tamen
372 1706 407 1770 in
430 1703 699 1784 G·FVNDANI,
722 1727 817 1789 quem
841 1707 924 1770 miro
948 1711 1131 1774 commento
1153 1706 1217 1772 Ga·

87 1808 181 1874 trium
206 1811 415 1878 Fundanium
446 1791 692 1896 interpretatur:
725 1833 857 1895 prorsus
893 1817 1022 1896 praeter
1053 1835 1164 1878 verum
1192 1811 1217 1878 0

87 1915 228 2001 litteram,
254 1918 346 1982 cuius
374 1918 558 1982 inferiorem
586 1921 712 2002 partem
740 1918 774 1983 in
796 1939 893 1984 versu
921 1920 1024 2002 primo
1052 1941 1217 2002 superesse

87 2023 401 2108 aucupandam
428 2024 493 2088 fine
520 2023 716 2106 conlocarit,
746 2044 828 2107 quae
851 2024 986 2088 duarum
1014 2029 1142 2090 tantum
1164 2026 1217 2090 lit-

86 2132 211 2194 terarum
234 2129 408 2195 intervallo
438 2129 479 2194 ab
502 2131 575 2214 ipso
598 2129 757 2214 principio
781 2129 865 2196 L·V
889 2132 998 2196 distat.
1042 2130 1109 2197 Vbi
1132 2130 1218 2214 quod

86 2232 185 2301 L·VA
212 2236 435 2304 Mommsenus
468 2237 611 2322 suscepit
643 2241 773 2304 auctore
803 2237 1035 2324 Longperiero,
1071 2239 1218 2323 inspecta

85 2343 181 2409 tabula
202 2349 318 2411 nostra
340 2367 426 2412 nunc
444 2345 647 2432 intellegitur
667 2345 796 2430 quidem
820 2346 876 2431 qui
898 2346 977 2410 illud
1000 2346 1101 2412 videri
1124 2349 1216 2430 potu·
1350 2415 1361 2440 ·

85 2451 136 2514 erit
154 2451 201 2516 ibi
224 2457 367 2535 exstare,
395 2451 450 2516 sed
479 2451 577 2518 etiam
606 2454 724 2518 certius
751 2452 956 2538 intellegitur
984 2473 1043 2518 nec
1065 2451 1096 2515 Α
1118 2452 1217 2536 scrip·

85 2561 141 2621 tum
169 2557 272 2623 fuisse
301 2562 377 2642 poet
400 2557 440 2642 V,
471 2581 531 2624 neo
560 2559 646 2644 quod
675 2559 770 2624 facile
802 2560 963 2644 quispiam
995 2558 1217 2643 amplectetur,

85 2661 120 2725 ll:
142 2669 257 2730 neutra
284 2666 370 2730 enim
398 2665 509 2730 littera
540 2669 609 2730 tam
641 2669 781 2750 angusto
811 2665 917 2750 spatio
945 2665 1093 2732 accedere
1122 2665 1163 2730 ad
1185 2663 1217 2728 V

84 2770 202 2851 potuit,
222 2763 394 2855 utriusque
420 2777 589 2857 praeterea
621 2795 697 2856 pars
730 2773 865 2838 sinistra
896 2772 997 2838 nimia
1025 2771 1217 2856 obliquitate

84 2883 164 2942 essct.
208 2875 305 2944 Hanc
328 2879 428 2963 igitur
450 2879 555 2962 ipsam
580 2883 708 2964 partem
736 2879 904 2944 sinistram
929 2876 947 2946 >
974 2878 1122 2944 dubitare
1148 2878 1217 2944 noli

84 2984 251 3051 efractura
268 2986 377 3070 potius
398 2985 517 3071 lapidis
536 2992 682 3070 repetere
702 3009 798 3072 quam
818 3009 835 3052 e
853 2986 1052 3071 quadratarii
1070 2987 1217 3052 consilio.

84 3087 158 3163 Quae
180 3097 310 3158 restant
334 3092 396 3158 etsi
420 3097 472 3158 sat
494 3093 660 3158 commode
679 3093 798 3158 dixeris
821 3115 839 3156 e
861 3091 978 3157 L-vv
1001 3093 1116 3158 relicta
1139 3115 1217 3178 esse,

83 3199 179 3264 lemen
202 3198 356 3284 quoniam
379 3198 441 3264 VV
469 3199 652 3266 litterarum
681 3201 871 3266 societatem
899 3203 988 3264 aetas
1011 3199 1068 3264 illa
1091 3222 1216 3265 aversa-

82 3307 134 3388 tu,
153 3305 187 3370 iu
208 3305 399 3380 fissuramm
423 3305 665 3390 laceratumque
688 3306 872 3371 litterarum
901 3309 988 3370 strue
1016 3306 1093 3389 ista,
1120 3329 1216 3391 quam

83 3413 158 3476 omni
181 3412 246 3478 fide
269 3433 307 3478 ac
329 3411 486 3498 religione
514 3412 742 3498 lithographus
769 3412 917 3477 imitatus
946 3415 1009 3496 est,
1041 3412 1128 3478 haud
1151 3413 1217 3478 acio

82 3537 117 3580 au
136 3519 201 3586 tale
225 3519 332 3604 potius
359 3539 478 3584 nomen
506 3517 609 3583 lateat
635 3518 748 3604 qualia
772 3519 882 3584 futura
910 3519 977 3584 sint
999 3516 1218 3584 uvotceius

85 3619 139 3706 (rel
162 3622 413 3710 avocemus)
437 3674 444 3688 .
464 3625 512 3706 ,ᾗ
536 3629 574 3690 tr.
592 3626 637 3707 pl.
675 3623 795 3700 Quodsi
818 3626 889 3710 quis
912 3625 998 3692 forte
1022 3646 1039 3690 e
1061 3629 1235 3708 quattuor¹

82 3749 152 3812 quae
183 3753 269 3796 nunc
302 3733 460 3815 apparent
485 3731 579 3795 lineis
612 3731 680 3796 illis
703 3730 765 3795 VX
792 3731 872 3797 duas
905 3732 992 3798 casui
1019 3735 1052 3796 et
1080 3731 1217 3798 iniuriae

81 3839 255 3922 temporum
277 3837 414 3920 tribuat,
430 3821 471 3903 ‘et
492 3836 633 3922 primam
655 3841 689 3902 et
711 3838 855 3922 tertiam,
877 3839 925 3904 ita
947 3859 1142 3922 quamquam
1166 3841 1218 3903 sat

83 3941 253 4023 probabilis
277 3944 381 4030 figura
404 3944 545 4027 supersit
567 3944 755 4011 dimidiatae
776 3944 824 4029 M,
848 3966 929 4030 quae
948 3944 1109 4029 pertinere
1128 3946 1217 4010 velut

82 4049 115 4112 ad
139 4048 274 4116 Mallias
304 4071 423 4116 nomen
453 4050 611 4134 potuerit:
651 4055 762 4116 tamen
791 4051 850 4116 tali
883 4051 1087 4118 coniecturae
1118 4051 1216 4116 inter-

82 4157 203 4236 punctio
227 4159 351 4241 obstat,
373 4179 455 4241 quae
478 4157 563 4223 inter
580 4158 607 4222 L
625 4163 658 4223 et
676 4158 708 4224 V
727 4181 820 4225 suum
838 4159 943 4223 locum
969 4157 1110 4222 medium
1129 4163 1217 4224 recte

83 4267 195 4348 servat,
219 4285 239 4328 a
257 4262 292 4327 M
312 4263 423 4329 littera
439 4264 542 4328 nimio
561 4265 732 4331 intervallo
751 4265 860 4331 distat.
892 4263 955 4330 Sed
972 4265 1081 4348 ipsum
1097 4287 1216 4330 nomen

83 4368 305 4454 qualecumque
326 4369 401 4454 fuit,
424 4369 541 4436 similis
564 4371 711 4456 profecto
737 4373 839 4458 ipsius
863 4371 980 4456 lapidis
1003 4371 1095 4436 labes
1119 4393 1216 4455 quae·

83 4471 159 4558 darn,
181 4474 198 4539 I
221 4475 348 4540 litterae
369 4477 520 4544 fallacem
543 4478 681 4562 speciem
700 4480 855 4562 referens,
879 4478 979 4543 etiam
997 4498 1092 4542 versu
1112 4477 1215 4544 altero
