3048 5140
423 395 628 444 aurisonum
652 395 921 457 sumovrssnus.
1175 379 1240 444 293
1338 401 1342 412 ¹

101 538 180 603 ximo
203 561 292 603 anno
314 537 396 604 talia
419 543 639 623 apparuerunt
667 537 701 603 in
724 537 857 604 Aemilii
880 537 1014 603 Braunii
1043 539 1106 602 mei
1129 561 1239 602 narra-

102 647 180 709 tione
193 667 279 729 quae
298 650 348 710 est
366 646 400 710 in
419 645 531 711 eodem
550 645 654 710 diario
674 646 748 710 anui
767 645 852 712 1835
871 669 901 730 p.
914 646 968 710 10:
991 643 1239 732 ultanus)-

102 749 318 817 CANOLEIV
319 747 372 838 (S)
388 787 395 800 ·
410 749 576 838 (macla
607 751 675 816 Eas
695 755 804 817 autem
823 753 950 816 litteras
974 753 1081 817 utrum
1104 751 1138 814 in
1156 750 1239 817 hanc

102 859 230 944 speciem
252 851 282 924 'e
304 859 497 944 fragmentis
526 859 744 943 composuerit
771 881 811 923 an
835 881 852 923 e
875 857 1006 922 vasculo
1034 857 1100 921 iam
1127 862 1239 922 tuma

101 965 184 1029 testis
206 965 431 1052 redintegrato
454 964 599 1050 petierit,
626 965 784 1030 incertum
812 970 870 1030 est.
916 962 1012 1030 Certe
1041 963 1239 1049 redintegra-

101 1075 162 1136 tum
183 1071 265 1136 illud
294 1071 330 1136 in
358 1071 562 1156 antiquitatis
593 1071 735 1156 artisque
766 1071 917 1156 operibus
939 1070 1069 1156 Equitis
1093 1069 1239 1136 Duruudi

101 1178 230 1242 exstitit:
253 1177 289 1243 in
311 1199 449 1262 quorum
468 1177 695 1262 Descriptione
714 1201 744 1242 a.
760 1179 844 1243 1836
867 1177 1003 1242 Parisiis
1026 1177 1161 1264 vulgata
1177 1175 1238 1242 De-

102 1283 226 1348 Wittius
260 1283 507 1368 inscriptionem
539 1285 638 1349 talem
668 1283 757 1348 dedit
783 1308 814 1370 p.
833 1284 899 1350 350
927 1307 958 1350 n.
980 1285 1079 1350 1434:
1111 1281 1238 1349 GALE-

100 1388 463 1456 NVS·0ANOLE1VS
486 1426 493 1439 ·
517 1426 523 1438 ·
548 1426 555 1439 ·
578 1389 714 1456 FECIT.
766 1389 868 1467 Quem
899 1394 949 1455 est
971 1391 1056 1455 idem
1079 1389 1134 1453 ille
1156 1387 1236 1454 Kra-

102 1519 197 1564 merus
225 1498 370 1564 securius
400 1501 543 1581 secutus,
576 1519 648 1562 cum
678 1519 743 1562 uno
771 1502 848 1581 post
876 1519 960 1563 anno
983 1495 1059 1562 libri
1083 1493 1121 1560 de
1148 1496 1236 1560 rasis
1251 1513 1277 1554 sc

102 1604 247 1670 fictilibus
269 1605 320 1669 sui
338 1627 370 1688 p.
387 1605 450 1669 143
474 1605 631 1690 seriptum
655 1600 1236 1669 esseclLqusoANOLEIVS·

102 1709 217 1776 FECIT
250 1711 405 1777 narravit
456 1710 599 1787 Quarum
632 1711 816 1776 litterarum
849 1709 926 1802 quid
954 1732 1024 1775 esse
1058 1711 1237 1794 antiquum,

103 1817 168 1900 quid
186 1819 361 1883 accessisse
374 1815 586 1883 instaurando
602 1816 764 1899 videatur,
781 1816 953 1881 nemodum
968 1817 1125 1881 curiosius
1141 1838 1236 1900 quae-

103 1922 182 1987 sivit:
212 1945 273 1989 uec
296 1945 357 2010 ego
381 1923 508 1990 efficere
532 1924 609 1988 ullis
632 1923 790 1988 machinis
813 1924 905 2008 potui
933 1927 970 1988 ut
992 1921 1139 2006 Parisiis,
1172 1943 1236 2006 quo

103 2027 130 2091 id
153 2030 317 2095 vasculum
346 2051 363 2093 e
391 2028 540 2094 Dursndi
568 2028 759 2095 collectione
786 2029 944 2095 transisse
972 2029 1006 2092 in
1034 2026 1235 2092 Thesaurum

104 2136 308 2200 numerium
330 2133 489 2221 (cabinet
510 2135 566 2200 des
586 2133 780 2216 me‘dailles’)
804 2157 821 2199 e
843 2133 1074 2220 Supplemento
1098 2133 1236 2218 descrip-

104 2241 189 2306 tionis
211 2241 460 2308 De·Wittianae
487 2264 517 2325 p.
540 2242 579 2306 18
608 2241 754 2324 discitur,
783 2262 855 2306 mea
881 2263 996 2306 caussa
1022 2241 1236 2327 inspiceretur

104 2345 433 2434 examinareturque.*)
465 2347 537 2413 Hoc
556 2352 663 2413 autem
682 2370 763 2432 opus
781 2348 882 2413 fictile
901 2351 938 2413 ut
957 2353 1026 2413 arte
1045 2348 1235 2432 poculorum

104 2453 220 2520 illorum
243 2456 502 2522 mediocritatem
529 2454 631 2520 uincit
658 2455 815 2520 omnium:
849 2475 982 2538 prorsus
1006 2455 1091 2518 enim
1114 2454 1234 2520 affabre

104 2561 212 2627 lactum
245 2567 308 2628 est:
339 2563 388 2629 ita
416 2563 535 2640 eisdem
564 2561 758 2646 antiquitate
786 2562 880 2648 cedit.
929 2560 1029 2628 Cuius
1062 2563 1153 2626 aetas
1186 2565 1235 2631 sat

105 2671 180 2734 carto
203 2669 249 2736 sic
270 2669 396 2734 ridetur
419 2667 547 2732 definiri
569 2689 674 2751 posse,
702 2667 815 2732 utrix
839 2667 1005 2752 antiquius
1028 2667 1072 2732 sit
1095 2689 1180 2733 anno
1205 2691 1234 2734 u.

106 2773 235 2861 cDXX,
257 2799 325 2841 non
346 2775 509 2859 posterius
529 2795 614 2839 anno
633 2773 760 2838 circiter
773 2773 908 2840 DLXX:
932 2773 1060 2859 quando
1079 2773 1159 2838 illud
1180 2773 1234 2840 Vs

105 2904 153 2964 pro
174 2881 223 2948 08
245 2881 435 2949 terminatio
459 2881 586 2965 suadet,
617 2880 679 2945 hoc
701 2879 727 2944 L
751 2879 881 2946 litterae
908 2902 973 2947 non
1000 2881 1233 2966 raetangularis

106 3011 169 3054 usus
189 2989 348 3075 postulat,
385 2987 533 3054 simodo
556 2986 680 3052 dehac
707 2987 819 3052 littera
844 3010 920 3052 rere
943 2987 1105 3072 disputavi
1129 2986 1234 3053 Musei

106 3092 170 3175 phil
187 3094 289 3161 Rhen.
312 3098 335 3160 t
353 3095 402 3161 IX
424 3119 454 3181 p.
473 3096 494 3161 2
519 3097 631 3180 [supra
649 3117 681 3179 p.
695 3095 785 3176 214].
818 3092 968 3180 Satisque
992 3096 1021 3160 ei
1045 3096 1145 3160 aetati
1169 3118 1233 3161 ser-

106 3205 200 3266 ratam
222 3203 254 3266 in
279 3199 529 3268 GANOLEIVS
556 3221 574 3266 o
601 3200 744 3265 litteram
777 3200 946 3265 convenire
978 3223 1042 3266 non
1071 3203 1121 3265 est
1147 3202 1233 3288 quod

105 3308 224 3387 probem
246 3307 448 3394 explicatius.

555 3521 766 3532 ..η-*-

182 3734 274 3816 [Oum
288 3735 440 3801 Belolai
459 3732 635 3820 pocolom
654 3734 690 3798 P.
703 3731 738 3800 L.
752 3731 795 3797 M.
808 3734 847 3799 Ε.
861 3735 926 3798 tab.
941 3733 988 3800 XI
1002 3734 1054 3818 fig.
1066 3733 1096 3798 G
1110 3733 1231 3799 editum

106 3838 153 3920 sit,
178 3841 317 3906 eiusdem
344 3841 475 3907 tabulae
497 3841 610 3926 figuris
634 3841 672 3905 K
674 3839 704 3904 L
731 3837 843 3923 figlina
870 3839 932 3904 hac
960 3841 1231 3906 commentatione

106 3945 232 4012 uacua
254 3948 476 4032 suppleantur,
498 3950 666 4031 praeterea
688 3945 794 4030 figura
815 3946 861 4011 Μ
878 3946 1044 4030 speculum
1068 3944 1231 4012 Cosanum

180 4140 205 4208 ⁸)
225 4139 296 4211 [Hoc
314 4141 426 4210 quidem
444 4142 544 4212 postea
562 4139 656 4195 effecit
674 4137 855 4204 Ritschelius;
879 4136 965 4192 immo
989 4139 1073 4194 etiam
1094 4157 1231 4210 gypsemn

106 4223 208 4282 alterum
227 4229 384 4299 exemplum
403 4245 421 4283 a
439 4227 539 4284 Carolo
553 4229 723 4283 Lenormant
741 4227 871 4297 paratum
889 4227 1006 4296 accepit,
1026 4227 1066 4283 ita
1084 4231 1116 4282 ut
1134 4230 1229 4298 paullo

106 4317 245 4371 sumum
263 4320 352 4372 totam
370 4317 479 4374 lancem
494 4316 677 4372 Caeretanam
697 4315 827 4370 exhibere
846 4316 970 4384 potuerit
987 4315 1017 4371 in
1030 4333 1119 4372 vacuo
1138 4319 1229 4387 spatio

107 4401 204 4460 tsbdac
221 4405 343 4462 xxxvl.
389 4407 537 4462 Praeterea
564 4405 599 4460 ct.
618 4405 730 4459 Priscae
753 4405 804 4460 lat.
828 4402 915 4476 epigr.
935 4405 1026 4478 suppl.
1045 4405 1082 4462 lV
1106 4423 1132 4478 p.
1152 4407 1229 4475 XVI;

107 4485 207 4560 Ephem.
227 4493 312 4566 epigr.
331 4494 343 4548 l
362 4513 388 4567 p.
408 4501 424 4549 9
443 4513 470 4550 n.
489 4499 504 4550 7
520 4512 538 4548 a
556 4495 586 4550 et
604 4493 628 4548 b.
666 4491 696 4550 G.
710 4491 769 4567 W.]
