3048 5140
318 367 384 432 322
552 385 600 433 oa
624 389 711 433 rana
731 390 834 434 isara
855 385 1069 435 raouoururs
1093 385 1230 435 roams.

319 527 461 592 eisdem
493 527 678 612 iudicasset,
710 528 884 594 verendum
912 532 963 594 est
989 551 1030 595 ne
1058 529 1178 594 nimius
1200 527 1316 594 fuisset
1342 528 1477 611 vitupe

318 633 430 699 rando.
475 634 588 718 anue
611 639 644 699 et
667 656 782 700 caussa
804 636 945 700 stratio
969 641 1032 719 est,
1062 658 1119 700 cur
1145 635 1207 701 hoc
1233 635 1477 720 posthabuisse

317 743 444 806 tantum
467 741 624 806 tenuioris
646 740 772 806 formae
794 739 923 806 lenitati
945 740 1071 808 Ennius
1095 741 1228 825 dicatarr,
1250 740 1331 806 illud
1357 742 1477 825 lingua

317 869 450 932 prorsus
478 846 671 931 repudiasse.
711 846 800 912 Haec
829 847 938 933 igitur,
966 849 994 913 si
1021 853 1108 914 reete
1136 869 1266 913 sensum
1294 847 1475 931 scriptoris

318 953 524 1038 interpretati
548 976 667 1039 sumus,
690 954 791 1019 verba
813 954 944 1020 fuerimt
966 952 1147 1020 Ciceronis:

383 1061 488 1127 Isdem
509 1081 636 1144 campus
657 1059 746 1126 tace
771 1061 878 1145 inquit
904 1059 1046 1145 Ennius,
1079 1065 1112 1127 et
1142 1063 1178 1126 ire
1210 1061 1330 1144 teraplis
1366 1062 1475 1128 isdem

384 1166 531 1232 eisdem
563 1171 634 1232 erat
662 1167 784 1233 uerius:
821 1189 880 1232 nec
912 1171 1023 1233 tamen
1055 1168 1209 1252 probauit
1244 1171 1282 1232 ut
1313 1169 1476 1254 opimius.

384 1273 469 1339 mele
492 1274 632 1339 sonabat
657 1274 791 1340 isdem:
819 1275 1028 1359 impetratum
1058 1278 1108 1340 est
1131 1298 1151 1340 a
1173 1275 1414 1342 consuetudine
1438 1280 1475 1340 ut

383 1401 515 1464 peceare
539 1381 711 1446 suauitatis
734 1403 849 1447 caussa
871 1381 992 1447 liceret

317 1485 382 1552 Vbi
400 1493 436 1552 at
451 1487 645 1572 particulam
663 1487 839 1553 delevimus
863 1491 937 1553 ante
961 1487 1106 1553 eisdem
1129 1489 1272 1572 positam
1294 1490 1414 1576 vulgo,
1436 1493 1472 1552 ut

318 1615 400 1678 quae
424 1616 462 1659 ex
485 1600 520 1658 ut
541 1597 620 1660 nata
646 1617 711 1660 una
738 1607 811 1659 cum
839 1594 993 1679 contiguo
1014 1595 1163 1677 probauit
1190 1594 1286 1661 verbo
1317 1617 1472 1680 pravam,

317 1722 414 1785 quam
437 1699 500 1765 hoc
523 1701 628 1784 ipsum
651 1700 798 1766 inlibris
818 1701 953 1786 obtinet,
976 1699 1084 1766 sedem
1103 1702 1321 1786 occupaverit:
1348 1702 1471 1768 fortior

317 1812 368 1872 est
390 1807 475 1872 enim
499 1829 597 1891 quam
619 1830 679 1892 pro
703 1808 919 1893 oppositionis
937 1807 1073 1873 lenitate
1093 1805 1319 1892 Ciceronisque
1346 1809 1384 1874 in
1409 1808 1470 1873 hoc

317 1917 388 1980 toto
413 1915 604 1999 argumento
628 1913 872 1997 consuetudine,
901 1935 961 1978 nec
982 1913 1088 1997 magis
1115 1913 1286 1980 toleranda
1308 1937 1414 2000 quam
1441 1916 1469 1980 si

315 2020 425 2106 paullo
449 2024 525 2086 ante
549 2019 659 2086 addita
681 2021 716 2086 in
734 2021 785 2086 his
805 2024 902 2086 esset:
925 2042 979 2086 nce
995 2041 1068 2086 aero
1084 2020 1327 2103 reprehenderim
1348 2024 1467 2105 serip-

280 2147 394 2194 xsere
415 2127 487 2192 alii
508 2148 599 2193 rem:
629 2129 690 2210 [at]
714 2129 947 2211 scripserant
972 2149 1034 2194 esse
1055 2130 1161 2194 aerius
1182 2131 1296 2196 sento:
1317 2131 1378 2196 sed
1398 2149 1466 2195 coa·

314 2235 471 2300 suetudiai
502 2235 632 2301 aumas
661 2235 834 2318 iadrstpentr'
865 2235 990 2300 liberter
1021 2235 1172 2317 obsequor.
1217 2233 1326 2300 Vnam
1362 2239 1465 2301 restat

316 2339 401 2426 quod
420 2340 542 2426 aliquid
562 2340 706 2425 scrupuli
724 2340 842 2406 inicere
860 2341 978 2426 possit:
1001 2341 1086 2425 quod
1103 2341 1193 2407 nullo
1210 2342 1329 2409 indicio
1351 2343 1465 2418 lector,

316 2469 388 2513 cum
407 2448 447 2513 ad
466 2449 546 2514 reale
562 2447 693 2514 sonabat
714 2448 827 2513 isdem
850 2448 949 2513 verba
970 2447 1126 2532 pervenit,
1148 2448 1281 2514 docetur
1299 2449 1343 2514 ad
1361 2448 1463 2514 nomi·

314 2556 460 2621 nativum
483 2555 545 2621 hoc
569 2560 714 2640 spectare
742 2575 803 2620 nec
826 2554 1009 2620 continuari
1036 2554 1076 2620 de
1103 2554 1246 2620 ablativo
1269 2554 1462 2640 disputatio·

315 2685 398 2728 nem.
434 2662 479 2727 ut
501 2663 608 2747 potuit
631 2683 718 2746 sene,
741 2662 770 2726 si
793 2683 923 2726 omnem
947 2683 1059 2726 cavere
1082 2683 1224 2728 errorem
1242 2663 1353 2748 vellet,
1375 2661 1462 2727 velut

316 2769 363 2834 sic
385 2768 611 2854 perspicuitati
633 2768 773 2854 scriptor
796 2767 906 2835 dedita
928 2791 1026 2852 opera
1048 2768 1229 2834 consulere:
1256 2768 1307 2834 liic
1328 2771 1461 2835 eisdem

316 2881 382 2940 eret
403 2876 516 2954 armas,
547 2896 600 2940 aee
623 2881 725 2940 tamea
741 2876 890 2958 mutauit
909 2880 946 2939 at
967 2876 1108 2957 opimius.
1143 2876 1224 2940 mate
1245 2875 1312 2940 illic
1332 2875 1461 2942 sonalat

315 2982 428 3047 isdem
450 3029 458 3046 .
477 3030 485 3045 .
504 3030 538 3047 ..
584 2980 706 3047 Verum
733 2986 766 3046 et
788 2981 1020 3048 recordandum
1048 2986 1098 3047 est
1121 2987 1244 3066 quanta
1270 2982 1315 3048 sit
1334 2981 1458 3048 Cicero

315 3086 365 3151 nis
385 3087 418 3152 in
437 3087 500 3152 hoc
518 3088 657 3158 aridiore
676 3087 916 3154 commentandi
934 3108 1051 3174 genere
1070 3087 1221 3153 universo
1239 3087 1457 3174 breviloquen-

315 3193 375 3278 tia,
408 3198 441 3259 et
467 3195 683 3279 reputandum
709 3217 775 3261 nou
802 3193 849 3260 eis
876 3194 970 3259 illum
998 3195 1180 3280 scripsisse,
1212 3194 1269 3278 qui
1295 3199 1393 3262 tanta
1414 3193 1458 3257 in·

316 3300 498 3384 cogitantis
520 3305 628 3367 essent
649 3306 687 3368 ut
710 3300 751 3367 ad
774 3301 908 3366 eandem
932 3301 1079 3384 formam,
1103 3321 1200 3384 quam
1224 3300 1319 3366 modo
1343 3299 1456 3386 proba-

316 3410 384 3472 tam
407 3407 574 3492 legissent,
597 3407 834 3492 apertissimam
858 3407 1129 3490 improbationem
1152 3406 1317 3474 referrent.

404 3512 529 3580 Tantas
552 3515 647 3580 molis
675 3517 745 3580 erat
772 3513 969 3578 breviculam
997 3513 1035 3577 de
1063 3533 1097 3576 re
1125 3512 1244 3596 pusilla
1266 3511 1456 3580 admonitio·

315 3641 404 3704 nem,
436 3620 491 3685 sed
523 3620 634 3706 magni
665 3619 727 3684 viri
759 3619 1014 3686 admonitionem
1041 3640 1100 3683 sua
1129 3618 1253 3704 sibique
1284 3619 1395 3686 debita
1423 3618 1453 3681 in

315 3725 386 3790 luce
408 3725 576 3791 collocare.
599 3762 638 3772 —
1374 3721 1382 3737 ‘

403 3832 439 3897 P.
457 3831 505 3896 IX
528 3834 641 3916 [supra
662 3854 693 3916 p.
711 3831 791 3912 321]
815 3853 888 3897 cum
912 3829 1055 3914 ‘opimus'
1078 3831 1227 3896 vocabuli
1249 3853 1311 3897 usu
1334 3829 1452 3897 Cicero

315 3939 413 4005 niano
438 3943 512 4022 apte
535 3939 673 4004 conferri
695 3939 709 4002 i
732 3936 866 4022 ‘priapus’
890 3938 969 4002 illud
991 3935 1194 4002 Lucilianum
1224 3939 1332 4022 potuit
1359 3957 1451 4022 oppo-

315 4046 413 4110 situm
437 4047 529 4110 tari.
548 4083 589 4092 —
609 4042 760 4111 (letarum
779 4041 949 4110 aansare
972 4043 1188 4108 instauratam
1206 4043 1301 4108 isdem
1318 4045 1450 4110 formam

315 4151 414 4218 etiam
436 4152 520 4218 hane
544 4150 610 4216 vim
632 4150 796 4235 habuisse,
817 4153 854 4215 ut
873 4149 953 4214 adeo
972 4148 1147 4234 singularis
1168 4149 1293 4214 numeri
1312 4150 1450 4216 dativum

315 4258 395 4322 satis
413 4256 608 4322 mirabiliter
626 4258 722 4322 isdem
739 4257 860 4350 elatum
879 4277 985 4323 sermo
1004 4256 1148 4341 vulgaris
1166 4256 1369 4350 adspisoeret,
1391 4251 1448 4320 diri

314 4385 416 4446 nuper
443 4363 548 4428 Musei
574 4364 676 4429 Rhen.
704 4367 727 4427 t.
750 4361 828 4427 XIV
854 4385 884 4447 p.
906 4363 972 4428 380
1000 4361 1071 4426 adn.
1100 4361 1200 4443 [infra
1222 4384 1253 4428 n.
1276 4361 1381 4444 XIV].
1421 4355 1451 4424 Ε

308 4467 504 4549 praefatione
525 4467 668 4534 Deeadis.
