3062 5142
287 419 536 466 uuruououruu
560 419 716 466 uurrusn
741 417 1001 467 cononnuruvu.
1149 401 1214 464 239

71 558 230 621 munietur
262 557 303 623 ud
336 559 527 644 exquisitius
561 566 808 626 monumentum
837 560 1015 643 ceterisque
1047 559 1214 642 eliquanto

70 643 310 730 nemos-abilius
335 666 581 732 inlustrandum.
626 665 702 733 Non
725 690 799 732 raro
824 670 932 731 eutem
955 663 1060 752 titulis
1084 666 1215 730 nomine

70 759 300 856 consuetaeque
323 772 481 838 formulas
505 774 731 840 exhibentibus
755 779 860 839 metro
883 773 1036 838 concluso
1054 773 1215 838 sententia

70 879 240 963 singularis
265 881 316 945 vel
337 881 477 961 bicuxoc
501 883 566 946 sive
595 881 754 946 subicitur
783 880 850 946 sive
879 880 959 944 adeo
987 878 1214 962 interponitur.

71 984 159 1050 Velut
185 989 354 1053 neminem
379 989 501 1073 fugisse
526 1011 652 1054 versum
676 988 898 1052 hexametrum
927 989 1079 1069 putamus
1103 986 1136 1050 in
1156 983 1213 1050 Su-

71 1093 147 1158 trino
173 1093 233 1158 illo
264 1094 334 1175 (Or.
353 1095 465 1180 4804),
489 1117 584 1179 quem
617 1095 801 1162 ePieeurto
827 1093 996 1158 Reiuesius
1019 1118 1049 1178 p.
1069 1093 1143 1178 675,
1163 1094 1214 1176 77,

71 1221 101 1262 er
123 1200 253 1264 schedis
275 1201 396 1266 Peniee
419 1201 604 1267 Fabrettius
628 1226 658 1287 p.
677 1203 752 1286 699,
771 1203 835 1267 208
860 1202 906 1265 sio
930 1200 1113 1266 ediderunt:

547 1345 730 1410 Reinesius:

342 1533 556 1624 sinsus
571 1594 578 1608 ·
595 1555 935 1623 ue-nnsvunn

468 1665 530 1730 Au
550 1701 557 1715 ·
576 1665 657 1730 run
676 1701 682 1714 ·
703 1664 733 1729 o
752 1702 759 1715 ·
780 1665 810 1729 v

276 1772 399 1838 PROH
418 1771 563 1837 uonou
587 1809 593 1820 -
617 1773 674 1838 nr
699 1769 1002 1838 uuounruun·

290 1878 479 1944 uentri
497 1915 504 1928 -
524 1879 678 1946 nurus
696 1915 703 1928 -
722 1877 963 1945 rurnnrolss
983 1913 989 1928 ·

316 1984 966 2052 srur·rrsu·nr·svrs·o·v-r·
1073 1981 1075 1986 ·

75 2089 1014 2200 ursouurnsuouruvsuurso-Asosroruu
1039 2089 1214 2156 sununs

537 2252 736 2319 Febrettius:

348 2359 559 2426 SALASIAE
575 2397 581 2409 ·
596 2360 623 2425 L
638 2395 645 2410 ·
660 2360 686 2425 F
700 2395 707 2410 ·
722 2357 936 2430 MERVLAE

275 2465 376 2532 ANN
396 2503 402 2516 ·
421 2467 503 2532 XIII
522 2502 529 2517 ·
549 2465 579 2530 D
599 2467 673 2531 ·V·
693 2465 810 2532 PROH
829 2502 836 2516 ·
855 2465 1002 2531 DOLOR

337 2572 395 2637 ΕΤ
412 2607 419 2622 ·
439 2570 714 2639 LACHRYMAE
734 2609 740 2622 ·
759 2573 944 2638 MERVLA

377 2679 530 2745 MATER
549 2715 556 2728 ·
575 2677 901 2744 INFELICISSIMA
996 2675 1003 2690 ’

271 2783 1000 2852 SIBI-IPSA·ET·SVIS·0·V·F

75 2889 322 2959 NASCENTES
333 2890 765 2968 MORJMvurlulsovu
776 2891 835 2957 AB
845 2889 1025 2958 ORIGINE
1036 2890 1213 2960 PENDET
1266 2953 1269 2960 .

77 3049 128 3116 Vbi
148 3059 257 3119 tamen
283 3075 355 3118 non
379 3017 547 3117 immerito
563 3051 706 3117 dubitari
725 3051 860 3134 videtur,
884 3073 961 3117 num
980 3052 1036 3117 ille
1056 3054 1125 3137 ipse
1144 3077 1212 3119 ver·
1223 3082 1257 3120 1v

77 3181 120 3222 sus
140 3162 181 3225 sit
201 3157 395 3244 ficticius*),
418 3160 535 3244 quippe
559 3161 628 3224 sine
653 3181 716 3243 quo
745 3158 880 3223 eundem
904 3159 1036 3224 titulum
1060 3181 1098 3226 ex
1122 3159 1213 3226 Vati-

78 3267 151 3330 rsnie
172 3267 305 3333 schedis
333 3265 457 3331 Donius
480 3267 605 3351 psov,
627 3268 667 3332 18
690 3265 788 3329 telem
813 3266 1002 3350 prodiderit:

108 3513 323 3582 SALVSIAE
345 3407 466 3579 ·LI·)F
485 3551 492 3564 ·
511 3513 726 3580 MERVLAE
747 3550 752 3561 ·
773 3513 867 3580 ANN
877 3405 992 3579 IIXIV
1012 3551 1018 3565 ·
1039 3514 1068 3579 D
1087 3549 1095 3564 ·
1114 3513 1144 3578 V
1164 3551 1169 3563 ·

169 3623 292 3690 PROH
313 3657 322 3671 ·
342 3620 488 3687 DOLOR
507 3657 512 3669 ·
532 3621 614 3686 ET·
634 3618 876 3686 LAORYMAE
897 3657 902 3669 ·
922 3620 1106 3686 MERVLA

129 3727 280 3796 MATER
297 3766 304 3778 ·
320 3727 645 3795 INFELIOISSIMA
664 3763 671 3776 ·
692 3726 775 3792 SIBI
795 3763 801 3776 ·
821 3727 918 3793 IPSA
935 3763 941 3776 ·
956 3727 1014 3793 ET
1029 3764 1035 3776 ·
1051 3727 1146 3794 SVIS

394 3835 425 3900 V
864 3833 890 3898 F

77 3973 173 4063 itaque
195 3979 283 4048 hono
308 3978 468 4044 iacturum
492 3979 555 4044 alio
578 3978 767 4042 hexametro
792 3977 1088 4062 compensabimus,
1118 3999 1211 4064 quem

78 4103 244 4152 remonon
269 4092 431 4172 agnoscet
454 4087 487 4149 iu
511 4085 722 4169 inscriptione
746 4083 921 4167 pavimenti
948 4083 1107 4148 tessellati
1128 4081 1212 4166 quod

79 4186 187 4258 Pisauri
220 4199 286 4275 est,
325 4194 459 4277 vulgatu
493 4213 512 4255 e
544 4189 713 4257 Servontio
746 4188 852 4255 Oollio
886 4189 919 4253 in
952 4189 1074 4255 Disriis
1106 4187 1212 4254 Instit.

81 4297 219 4364 urcbneol.
246 4323 275 4365 sn
298 4299 383 4364 1851
411 4318 441 4381 p.
461 4297 538 4362 203:

171 4445 275 4452 .--.-.-

153 4529 177 4598 *)
194 4529 280 4600 [Vide
300 4526 375 4581 inire.
396 4526 489 4579 ‘curos
506 4527 652 4581 seeundos'
674 4545 700 4594 p.
720 4523 785 4576 ΧῙῙῙ
805 4523 887 4590 (251).
925 4523 954 4578 Ο·
970 4523 1028 4593 Ἣ
