3048 5144
293 341 354 406 136
568 357 791 404 uouvunurr
815 355 1052 404 urreunnrucr
1076 355 1165 405 rrun.

291 500 447 586 scriptus,
478 499 553 564 hine
581 504 618 564 ut
645 504 721 583 poet
749 519 787 564 eu
815 520 896 583 quae
920 503 996 564 unte
1018 499 1186 584 disputate
1215 505 1293 566 eunt
1315 501 1442 586 aliquid

289 605 509 693 proficiamus:
539 606 607 690 qui,
631 611 667 672 ut
691 606 832 672 breviter
855 606 973 692 diuum,
1000 607 1087 674 ultra
1110 608 1251 674 medium
1274 608 1441 673 saeculnm

248 701 267 736 ⁰
292 715 467 798 septimum
490 713 629 797 duravit,
652 735 847 799 quamquam
869 713 1015 797 paullum
1034 736 1192 781 annorum
1212 719 1262 780 eet
1283 737 1442 799 quoenm
1511 724 1512 780 1

291 821 466 886 terminum
489 821 671 886 excesserit.
715 820 807 897 Quod
831 825 868 885 ut
891 820 939 884 itn
962 841 1033 886 esse
1057 820 1305 904 demonstretur,
1328 822 1371 888 ab
1397 821 1442 886 eis
1511 811 1512 814 ¹

291 928 561 1011 inscriptionibus
585 926 773 993 ordiendum
796 934 856 1012 est,
878 949 960 1012 quae
984 927 1102 1013 quibus
1126 929 1220 994 annis
1244 927 1351 996 factae
1377 930 1444 996 siut

292 1039 493 1120 compertum
514 1035 681 1102 habemns.
726 1035 834 1121 Igitur
857 1035 997 1120 primum
1019 1034 1054 1098 in
1078 1033 1136 1102 SC.
1160 1035 1199 1100 de
1222 1035 1444 1102 Baeaneiibus

292 1165 376 1209 annu
401 1143 465 1208 568
494 1143 651 1228 scripturn
679 1148 729 1206 est
756 1140 856 1208 EEIS
880 1141 1125 1226 VENIRENT,
1154 1141 1231 1208 item
1255 1143 1305 1208 bie
1328 1142 1446 1219 QVEu
1512 1163 1513 1182 ¹

292 1249 451 1329 ESENT,
474 1249 560 1334 quod
583 1271 650 1314 non
672 1249 748 1314 hine
772 1249 913 1314 alienum
937 1269 1006 1313 erse
1029 1247 1125 1314 fneile
1144 1250 1348 1334 perspicitur.
1386 1251 1446 1316 Mi-

292 1357 381 1422 nimo
405 1360 481 1440 post
503 1355 677 1421 intervallo
700 1353 931 1421 emiserlPTES
960 1358 1096 1439 apparet
1125 1355 1159 1418 in
1189 1377 1262 1422 aere
1286 1355 1446 1422 Fundano

292 1463 318 1528 I.
345 1463 451 1529 1111.
481 1462 568 1528 4139
603 1461 650 1544 [O.
674 1461 699 1528 Ι.
723 1462 760 1526 L.
787 1461 803 1525 I
827 1484 857 1526 11.
881 1461 962 1548 532,
997 1461 1032 1528 P.
1055 1459 1090 1526 L.
1114 1459 1156 1527 M.
1180 1463 1219 1527 Ε.
1247 1463 1448 1548 11011171,

293 1569 378 1656 quod
410 1569 464 1634 vir
499 1591 595 1654 posse
628 1569 700 1636 fulli
733 1568 844 1634 videor
874 1590 947 1634 eum
979 1569 1043 1653 ipsi
1076 1590 1161 1634 anno
1185 1569 1247 1636 571
1283 1570 1445 1656 tribuo.*)

295 1675 450 1742 Proximo'
469 1677 599 1742 saeculo
622 1677 763 1761 primunr
778 1674 848 1741 EIS
871 1673 1102 1740 IOVRANTO
1126 1675 1178 1740 lex
1201 1676 1333 1742 tabulae
1358 1677 1447 1744 Ban-

293 1783 382 1847 tinae
411 1783 475 1864 §3
505 1781 609 1848 offert.
662 1781 814 1870 Sequitur
840 1780 1058 1847 ITALICEIS
1091 1782 1126 1848 in
1153 1781 1277 1868 Argiva
1305 1785 1446 1869 pseudo-

295 1911 412 1976 graeea
435 1887 469 1956 G.
488 1889 513 1956 I.
533 1888 587 1954 Gr.
605 1890 688 1954 1137
710 1887 758 1970 [C.
776 1888 802 1954 I.
820 1887 857 1953 L.
874 1888 936 1954 In.
951 1889 1030 1970 596]
1037 1939 1046 1973 ‚
1070 1912 1168 1974 quum
1185 1890 1354 1974 praeclaro
1372 1914 1447 1957 neu·

295 1997 380 2061 mine
405 1993 607 2062 Gavedoniue
627 1996 660 2060 in
684 1995 773 2060 Diar.
796 1994 877 2061 Inst.
900 1995 987 2060 ereb.
1010 2019 1038 2060 a.
1058 1997 1143 2062 1846
1166 2019 1196 2082 p.
1219 1997 1281 2064 185
1300 2019 1346 2082 sq.
1370 2021 1448 2062 euru

296 2103 454 2168 latinitati
477 2102 618 2167 reddidit
641 2108 711 2167 tum
739 2101 780 2167 ad
805 2124 924 2168 annum
953 2103 1017 2168 636
1041 2102 1241 2191 rettulit**):
1265 2105 1350 2189 quud
1369 2129 1447 2172 cou-

296 2215 348 2274 tru
365 2207 531 2274 ITALIOI
555 2209 708 2274 scribitur
731 2209 765 2272 in
784 2209 907 2294 Argiva
931 2209 1035 2274 altera
1057 2210 1225 2275 simillima
1249 2209 1298 2292 [0.
1320 2212 1346 2276 I.
1369 2212 1408 2278 L.
1432 2213 1447 2277 I

295 2295 422 2399 nunu
451 2314 485 2380 P.
500 2314 535 2380 u.
550 2315 644 2381 un.
664 2315 730 2381 uu.
744 2315 831 2382 nux
846 2317 908 2398 11,
932 2315 1092 2396 seranni,
1117 2319 1153 2380 ut
1167 2315 1366 2403 nugifluus
1383 2317 1448 2384 ue-

297 2423 366 2488 cad.
381 2423 532 2489 numism.
546 2421 665 2509 XV1,3
680 2423 776 2508 [Opp.
789 2422 823 2488 II
837 2446 867 2507 p.
879 2423 942 2488 247
959 2423 1041 2509 sqq.]
1057 2422 1176 2507 doenit,
1186 2423 1259 2490 603.
1281 2424 1354 2490 Vno
1369 2431 1450 2510 post

298 2552 382 2596 anno
402 2527 622 2613 frequentavit
646 2527 707 2594 boe
731 2549 832 2614 genus
851 2527 1067 2594 Minuciorum
1091 2530 1252 2595 sententia
1275 2531 1358 2597 aeris
1382 2533 1448 2598 Ge-

297 2637 416 2719 nuati8‚
439 2637 554 2720 inquo
574 2658 646 2701 eum
666 2633 795 2700 HISOE
819 2634 935 2700 FINIS
960 2634 1194 2702 VIDENTVR
1215 2635 1321 2704 ESSE
1345 2639 1450 2706 babes

298 2749 331 2809 et
354 2743 472 2807 mirum
494 2742 574 2806 illud
597 2739 681 2806 EVS
706 2739 811 2816 QVEI
835 2739 1135 2807 POSSIDEBVNT
1167 2765 1226 2826 pro
1250 2743 1319 2808 EIS
1344 2747 1449 2831 accipi

299 2850 445 2932 solitum,
472 2851 542 2911 tum
570 2852 699 2932 praeter
726 2847 919 2930 pronomina
941 2846 1171 2914 MINVOIEIS
1195 2848 1354 2916 RVFEIS
1378 2851 1449 2918 CO·

299 2951 544 3020 GNOVERVN
548 2952 574 3015 T
590 2957 622 3016 et
635 2949 844 3018 VITVRIES
863 2951 1040 3020 VITVRIS
1062 2960 1095 3021 er
1116 2953 1450 3024 CAVATVRINEIS

299 3057 613 3127 OAVATVRINES
641 3062 675 3123 et
701 3058 752 3123 bis
776 3057 1079 3127 MENTOVINES:
1104 3063 1221 3148 quibus
1246 3087 1323 3129 cave
1346 3063 1450 3132 DEC-

300 3165 495 3235 TVNINES
524 3165 638 3251 addus,
669 3171 707 3231 ut
736 3189 755 3231 a
783 3187 846 3250 quo
873 3164 1218 3234 DECTVNINEBVS
1250 3170 1450 3238 declinatum

260 3301 286 3339 11
301 3277 352 3341 sit.
397 3274 503 3358 Pergo
528 3271 568 3338 nd
591 3273 697 3360 legem
721 3273 760 3338 de
783 3273 983 3359 repetundis,
1006 3297 1072 3342 non
1095 3280 1222 3341 tantum
1245 3275 1449 3343 ,115111111-

302 3381 381 3450 OES
406 3379 549 3447 SVNTO
578 3383 598 3462 ξ
622 3383 656 3464 8,
692 3379 761 3446 uls
785 3378 962 3446 IVDIOES
986 3381 1143 3448 LEOTEI
1172 3383 1324 3449 ERVNT
1352 3387 1373 3465 ξ
1400 3387 1452 3468 10,

302 3489 371 3555 EIS
396 3486 658 3555 GENSVnRuur
679 3488 766 3569 517,
789 3486 858 3551 EIS
882 3485 1105 3554 FAOIVNTO
1124 3493 1143 3568 ἓ
1161 3491 1211 3572 19,
1234 3491 1268 3555 et
1281 3489 1452 3557 EISDEM

303 3593 508 3662 IOVDIOES
533 3592 662 3660 SIENT
683 3597 703 3675 ἕ
721 3595 761 3658 10
780 3594 995 3678 exhibentem,
1010 3595 1065 3660 sed
1080 3595 1178 3662 etiam
1193 3595 1451 3664 OBLVIREIS

304 3702 464 3769 LEOTEI
487 3700 638 3767 ERVNT
668 3699 741 3783 ἓὸ,
773 3699 973 3766 NEPOTES
996 3701 1089 3767 ΕΙΕΙ
1117 3701 1233 3768 FILIO
1257 3702 1452 3770 GNATEIS

304 3813 401 3895 5⁸23,
430 3831 489 3894 pro
513 3829 576 3892 quo
599 3829 665 3873 non
689 3807 769 3871 sutis
797 3807 890 3892 capio
914 3808 968 3891 qui
992 3806 1161 3874 GNATEI
1185 3807 1266 3876 Sunt
1292 3811 1357 3896 legi
1385 3811 1451 3876 ius-

306 3955 517 3965 .-,-.--

394 4022 420 4090 *)
440 4020 528 4092 [Haec
547 4019 675 4076 accurate
694 4019 824 4088 exposuit
837 4017 1005 4074 Ritrcbeliue
1020 4018 1109 4075 Musei
1123 4019 1212 4076 Rben.
1231 4023 1252 4077 t.
1268 4021 1305 4074 IX
1320 4038 1347 4091 p.
1358 4028 1374 4075 2
1385 4021 1450 4077 ndu.

306 4111 388 4180 (infru
406 4129 433 4166 n.
452 4109 523 4178 vll).
561 4109 590 4164 C.
605 4109 662 4182 W.]

382 4201 423 4268 **)
443 4198 527 4271 [Vide
555 4198 628 4253 inira
654 4217 681 4268 p.
700 4205 734 4252 29
759 4197 842 4268 (150).
870 4228 898 4234 -
930 4197 1060 4252 Ceterum
1084 4197 1118 4253 uf.
1142 4197 1172 4250 P.
1193 4197 1222 4252 L.
1243 4197 1330 4253 1111.
1355 4199 1450 4254 Enarr.

307 4309 333 4359 p.
349 4295 380 4345 61
404 4286 470 4344 ‘Vbi
490 4287 529 4357 (in
546 4287 630 4344 titulo
650 4287 754 4358 Argivo
772 4285 992 4357 pseudograeeo)
1015 4304 1065 4356 pro
1085 4285 1276 4355 ΙΤΔΒΙΟΕΙῦ,
1305 4287 1381 4357 qnod
1405 4289 1452 4342 vix

307 4376 457 4434 obnoxium
484 4393 544 4432 erre
573 4375 743 4432 dubitationi
765 4377 847 4446 puto,
876 4373 980 4429 nollem
1003 4375 1160 4432 ITALICEI
1187 4375 1222 4432 nb
1248 4375 1378 4432 Henzeuo
1405 4377 1450 4436 01.

308 4465 523 4534 5295111111υωῖ
562 4465 663 4537 C.W.]
