3048 5144
315 367 376 431 188
458 383 608 430 rirvcvs
632 381 821 430 oocvunaa
846 381 1053 430 noscamur.
1078 382 1309 429 bracmanas.
1383 391 1388 400 ·

311 526 516 610 gravioribus
541 525 690 595 omnibus
714 527 784 588 tum
806 524 983 588 levioribus
1006 524 1167 608 plerisque
1190 525 1270 589 adeo
1294 547 1372 590 cum
1389 525 1470 608 Lip-
1515 531 1516 534 ’

311 631 411 696 sionis
430 630 663 716 Pighienisque
686 634 880 715 congruunt,
903 630 991 695 casui
1015 634 1052 694 ut
1075 653 1113 695 ea
1134 631 1167 693 in
1186 631 1349 695 renallus
1372 632 1472 696 locus

312 737 362 802 sit.
400 736 493 813 Quod
520 739 628 802 autem
656 737 741 801 inter
769 741 921 821 utrosque
944 737 1178 821 discrepantiae
1209 738 1402 824 intercedit,
1437 741 1471 804 id

311 845 374 908 etsi
396 844 563 909 fatendum
586 845 636 908 est
659 866 749 928 sane,
781 845 835 909 ubi
863 865 921 927 per
949 866 983 908 se
1007 848 1182 929 spectetur,
1214 847 1262 909 ita
1289 867 1470 930 compara-

311 955 380 1016 tum
404 973 487 1038 esse,
511 956 548 1016 ut
570 973 642 1016 cum
666 951 787 1016 maiore
810 949 1054 1033 probabilitatis
1078 951 1184 1035 specie
1204 952 1367 1036 quaedam
1395 975 1471 1018 esse

311 1057 473 1122 inutiliter
495 1057 604 1123 addita
627 1053 845 1138 aOiacconio
862 1057 1023 1141 quispiam
1052 1058 1115 1122 sibi
1142 1059 1336 1142 persuadeat
1362 1083 1469 1144 quam

311 1165 352 1228 ab
375 1164 443 1229 illis
466 1167 603 1230 resecta:
635 1167 743 1228 tamen
771 1164 854 1229 unde
883 1163 1015 1229 tandem
1042 1165 1159 1230 horum
1186 1165 1332 1250 ipsorum
1365 1189 1470 1232 curas

250 1341 268 1352 ,
312 1270 443 1336 omnino
471 1271 672 1335 innotescere
694 1271 844 1355 potuisse
868 1267 1040 1336 (liacconio
1069 1271 1214 1356 putabis,
1241 1273 1366 1358 quippe
1398 1275 1468 1340 iam

311 1399 397 1441 anno
425 1392 626 1444 ciolohxxxi
658 1378 809 1442 mortuo?
855 1376 977 1453 Quodsi
1003 1400 1044 1442 ne
1068 1376 1215 1461 Lipsium
1241 1379 1377 1462 quidem
1411 1405 1470 1465 po

310 1482 412 1548 tuisse
435 1483 596 1548 Oiaooonii
620 1483 852 1549 commentario
880 1484 928 1547 uti
956 1484 1125 1570 obieceris,
1152 1489 1188 1549 ut
1212 1485 1358 1569 quinon
1388 1493 1469 1552 ante

311 1612 432 1656 annum
455 1607 634 1657 cloiocvur
659 1590 694 1653 in
721 1590 825 1655 lucem
852 1590 999 1674 proditus
1028 1591 1083 1674 sit,
1116 1591 1258 1676 aliquam
1288 1615 1371 1658 saue
1403 1595 1469 1660 hoo

282 1697 377 1760 sveri
397 1696 534 1779 speciem
552 1695 629 1760 hinc
646 1695 759 1778 habet,
783 1695 866 1779 quod
885 1718 944 1760 nec
957 1695 1098 1761 Ebertus
1116 1695 1348 1783 Kreusiusque„
1358 1701 1467 1766 aliam

309 1806 438 1886 praeter
462 1802 551 1866 illius
575 1803 652 1866 anni
675 1801 895 1888 editionem*),
919 1825 1000 1888 quae
1023 1802 1105 1867 mihi
1123 1827 1249 1895 quoque
1268 1807 1340 1871 sola
1368 1831 1467 1892 prae-

310 1913 361 1975 sto
385 1914 444 1994 est,
466 1913 639 1994 noverunt,
663 1914 697 1974 et
719 1932 850 1994 prorsus
873 1910 921 1976 ita
944 1909 983 1974 de
1007 1907 1191 1994 ‘Cisconii',
1219 1913 1274 1997 qui
1298 1911 1466 1998 ‘superio-

244 2063 247 2068 ι
308 2018 398 2083 ribus
423 2017 516 2082 annis
535 2016 659 2082 Romae
683 2016 815 2083 obiisse’
839 2016 965 2102 dicitur,
986 2017 1107 2082 libellis
1127 2019 1287 2103 postumia
1310 2021 1345 2086 in
1367 2023 1465 2088 illius

308 2123 473 2208 prooemio
496 2123 617 2187 mentio
640 2125 686 2206 fit,
709 2123 803 2207 quasi
826 2124 856 2187 ei
879 2145 1054 2208 numquam
1077 2129 1174 2190 antea
1195 2127 1283 2211 typis
1302 2128 1464 2212 impressi

309 2231 382 2294 siut
429 2228 490 2294 Sed
513 2233 621 2294 tamen
644 2235 778 2314 propter
801 2253 872 2294 eam
897 2253 993 2315 quam
1021 2232 1201 2317 significavi
1228 2255 1381 2301 caussam
1409 2238 1464 2301 vir

309 2336 435 2400 videtur
458 2336 527 2401 lieri
546 2358 641 2420 posse
659 2337 737 2421 quin
757 2337 835 2402 fides
853 2337 1067 2423 Bernhardyo
1085 2339 1251 2424 habeatnr,
1274 2342 1331 2425 qni
1353 2341 1463 2409 histo-

309 2443 375 2508 riae
403 2442 466 2508 litt.
489 2443 580 2509 Rom.
603 2467 633 2529 p.
655 2445 717 2509 129
747 2445 793 2509 ed.
821 2445 876 2510 alt.
904 2445 969 2510 iam
998 2469 1081 2512 anno
1110 2464 1335 2513 cmiccxxxvl
1365 2450 1462 2517 Gisc-

309 2550 393 2614 conii
408 2551 673 2616 commentarium
687 2551 810 2616 Romae
823 2551 991 2636 prodiisse,
1005 2554 1162 2618 incertum
1182 2577 1245 2638 quo
1264 2559 1463 2642 auctore**)

397 2799 424 2867 *)
447 2797 497 2852 Est
522 2815 556 2852 ea
578 2798 631 2852 hoc
659 2797 755 2852 titulo:
786 2797 906 2852 ‘PETRI
924 2801 927 2866 Ι
944 2797 1104 2854 ciaconii
1120 2801 1125 2867 Ι
1141 2799 1329 2857 TOLliTANl
1345 2806 1351 2873 Ι
1370 2805 1462 2876 Opus-

309 2888 380 2943 cula.
397 2889 401 2957 Ι
418 2888 458 2941 In
473 2885 620 2944 Columnae
631 2885 779 2951 Rostrotoe
796 2887 999 2956 inscriptionem
1015 2891 1019 2955 Ι
1035 2889 1079 2942 De
1094 2888 1273 2956 Ponderibus.
1291 2895 1295 2956 Ι
1311 2893 1357 2947 De
1376 2895 1461 2950 Men-

308 2976 388 3040 enris.
406 2978 410 3043 Ι
427 2975 613 3039 DeNnmmis.
630 2973 635 3044 Ι
652 2973 778 3027 ROMAE
796 2975 799 3040 Ι
816 2975 856 3028 Ex
867 2976 1221 3046 TypographiaVaticana.
1238 2981 1243 3048 Ι
1258 2980 1287 3033 M
1302 2981 1350 3038 DC
1369 2984 1458 3054 Villi

310 3067 339 3106 oe
352 3067 436 3106 licentia
449 3063 598 3116 summorum!

378 3149 420 3222 ⁹)
438 3151 512 3206 Nam
531 3151 587 3206 snis
606 3150 693 3206 oculis
709 3151 812 3206 vidisse
826 3169 909 3223 aegre
925 3153 1044 3220 credam,
1063 3155 1140 3210 cuius
1154 3156 1267 3224 quidem
1282 3159 1353 3214 haec
1370 3163 1462 3216 rerba

308 3241 376 3296 sint:
397 3240 523 3310 ‘ergtnzt
541 3257 594 3295 von
615 3241 643 3295 P.
664 3240 826 3296 ciacconius
845 3241 933 3296 beim
953 3241 1065 3296 Bucho
1084 3245 1116 3298 de
1133 3247 1225 3300 neumis
1239 3249 1416 3314 ponderibus
1435 3257 1460 3306 et

307 3330 450 3396 morsm,
468 3329 548 3385 Rom.
570 3330 657 3384 1586)
687 3330 746 3384 Nec
765 3328 840 3384 enim
858 3330 888 3384 in
905 3330 980 3384 hunc
999 3329 1112 3384 modum
1130 3330 1288 3401 discrepare
1307 3334 1460 3405 utriusque

308 3417 440 3473 editionis
458 3416 564 3472 indices
584 3417 642 3472 veri
660 3420 705 3472 est
723 3417 822 3485 simile,
846 3421 875 3473 st
893 3419 1004 3472 tantum
1023 3418 1103 3474 abest
1120 3421 1152 3474 ut
1169 3419 1227 3473 ullo
1246 3421 1330 3476 modo
1349 3424 1459 3479 adren-

308 3506 390 3562 ticins
414 3506 451 3561 sit
473 3507 507 3561 de
532 3507 662 3561 columna
684 3508 806 3561 rostrata
828 3506 953 3576 libellus,
980 3507 1004 3562 is
1027 3509 1059 3562 nt
1081 3511 1111 3562 et
1127 3509 1279 3578 praecedat
1296 3511 1409 3567 ceteros
1429 3514 1459 3568 in

308 3594 461 3665 posteriore
485 3595 608 3652 editione
631 3599 661 3651 et
682 3596 758 3651 haud
782 3595 877 3666 paullo
900 3595 943 3650 his
967 3596 1091 3652 limatior
1113 3597 1157 3651 sit.
1195 3597 1234 3651 Vt
1251 3599 1341 3655 multo
1362 3604 1459 3674 magis

308 3684 337 3738 iu
354 3685 405 3739 hos
429 3684 488 3754 (qni
511 3703 545 3740 ne
569 3684 650 3740 latini
674 3685 787 3753 quidem
810 3685 863 3738 toti
887 3686 965 3752 sunt,
992 3685 1041 3740 sed
1069 3685 1222 3756 promiscue
1250 3686 1339 3743 latino
1368 3695 1458 3776 atquo

308 3773 431 3844 Hispano
450 3791 575 3829 sermone
594 3773 701 3842 scripti)
725 3789 809 3841 quam
832 3772 959 3827 inillam
983 3791 1017 3828 ea
1040 3774 1143 3829 cadant
1165 3791 1235 3842 qnae
1258 3775 1288 3830 in
1306 3779 1458 3846 prooemio

307 3863 450 3932 leguntur:
481 3863 568 3918 ‘Inter
595 3860 711 3916 schedas
739 3859 816 3916 Petri
840 3860 964 3916 ciaconii
986 3861 1116 3918 Toletani
1135 3905 1328 3921 ........
1348 3869 1457 3936 reperti

307 3953 373 4005 sunt
394 3951 425 4005 hi
447 3950 538 4006 libelli
560 3951 620 4006 eins
644 3967 728 4006 manu
753 3950 903 4021 diligenter
930 3949 1042 4018 quidem
1071 3951 1215 4020 descripti,
1247 3969 1312 4006 non
1338 3955 1458 4011 tamen

308 4040 396 4095 omni
421 4059 458 4095 ex
480 4043 579 4110 parte
603 4039 770 4108 absoluti,
788 4057 852 4094 oum
871 4056 918 4094 eos
936 4038 993 4094 iam
1011 4040 1121 4110 pridem
1139 4039 1179 4096 sic
1197 4039 1320 4111 digestos
1339 4041 1369 4096 in
1389 4061 1458 4100 arca

307 4129 475 4199 reposuerit,
491 4129 592 4184 iterum
607 4129 772 4184 relectnrus:
792 4128 867 4196 quod
881 4128 1054 4198 gravioribus
1069 4129 1245 4202 postmodum
1260 4130 1334 4186 curis
1348 4131 1456 4188 disten-

306 4219 352 4272 tns
370 4219 504 4287 perficere
521 4234 577 4272 non
596 4217 691 4288 potuit
707 4234 758 4272 nec
777 4233 908 4285 suprema
930 4233 1047 4272 censura
1069 4218 1133 4273 illos
1152 4217 1295 4288 expolire?
1318 4251 1351 4258 —
1373 4221 1454 4276 Cete-

308 4323 369 4359 rum
388 4306 461 4375 qnod
482 4305 524 4360 ‘P.
539 4305 679 4362 Ciacconii
696 4305 726 4360 in
745 4305 865 4359 column.
884 4306 964 4360 rostr.
980 4305 1009 4360 G.
1024 4305 1112 4361 Dnilii
1131 4306 1270 4374 Inscripti.
1287 4313 1454 4366 commentt.

307 4393 386 4448 Rom.
408 4393 487 4448 159'1'
508 4394 570 4464 (sic)
588 4393 722 4448 Baehrius
741 4392 812 4447 Hist.
831 4393 887 4449 litt.
906 4393 986 4448 Rom.
1010 4396 1030 4448 t.
1050 4395 1076 4448 11
1098 4414 1124 4465 p.
1146 4401 1161 4450 8
1180 4399 1396 4466 commemorat,
1425 4400 1454 4454 id

307 4481 389 4550 quale
408 4481 447 4538 sit
465 4501 577 4552 prorsus
595 4497 641 4536 me
658 4481 755 4552 fugere
774 4480 872 4536 fateor.
