3074 5138
370 392 659 441 oesessvsrrouns
683 391 952 440 aersnurnrcsa.
1165 373 1230 438 443

82 535 156 599 GIA
168 571 175 582 ·
186 535 249 601 PR
265 537 277 622 ss
294 534 341 600 IN
344 533 497 601 CIPIVM
508 572 514 584 ·
525 535 629 600 FVIT
638 571 644 584 ·
653 535 738 600 PRO
750 533 943 610 -uRIBv-(o
954 569 960 582 ·
971 529 1232 618 FABIVS·Q.F,

81 641 190 707 bisin
215 645 323 727 primo
347 666 442 708 versu
464 642 544 708 baec
572 643 765 728 respondere
793 642 997 706 tribunorum
1021 641 1152 706 nomina
1174 663 1231 724 po·

83 753 185 814 tuere:
218 746 873 815 C·ANTONIVS·M·F·CN·CORNE
892 747 903 830 ΙΙ
921 745 1230 813 ΙιΝΜΝἘ-Ιι·

83 853 1232 940 HosullnvanF·0·POP1L1VS·O·F·M·VALnamve-

83 962 184 1026 ll-F·
197 961 226 1038 Q
237 997 245 1011 ·
257 960 489 1028 CAECILIVS
499 998 506 1012 ·
518 963 545 1040 Q
557 998 563 1011 ·
575 963 617 1028 F:
655 963 871 1048 adscriptores
901 963 984 1048 legis
1012 967 1049 1028 ut
1077 960 1111 1027 Ο.
1130 961 1231 1028 Anto·

84 1070 152 1134 nius
175 1091 247 1134 non
271 1072 346 1135 octo
369 1071 461 1134 utin
485 1071 650 1154 superiore
672 1071 827 1154 exemplo,
851 1069 906 1134 sed
930 1091 982 1134 sex
1007 1073 1134 1135 tantum
1159 1091 1231 1134 oon·

83 1177 170 1260 legas
195 1175 381 1242 adsciverit.
417 1175 535 1241 Vtrum
560 1179 704 1260 praestet
727 1177 754 1240 si
777 1177 967 1260 quaesieris,
990 1177 1077 1242 haud
1101 1177 1167 1241 scio
1191 1199 1232 1242 an

85 1307 145 1348 non
169 1285 255 1349 satis
275 1289 346 1349 tuto
365 1307 403 1348 ex
423 1305 461 1350 eo
481 1287 765 1368 argumentatums
784 1284 842 1366 sis,
866 1283 951 1368 quod
969 1287 1064 1348 notas
1082 1305 1123 1348 ne
1142 1306 1232 1367 prae·

84 1390 196 1455 cedens
227 1391 358 1475 quidem
388 1391 530 1456 formula
557 1391 591 1454 in
620 1411 693 1456 aere
721 1390 890 1473 receperit,
922 1391 956 1454 id
983 1389 1068 1475 quod
1099 1392 1232 1475 eplene

85 1499 266 1582 perscripta
288 1496 465 1562 PLEBEM
489 1519 566 1562 voce
590 1497 804 1582 cognoscitur.
840 1496 927 1561 Nam
951 1497 1055 1562 altera
1079 1519 1117 1562 ex
1140 1503 1232 1582 parte

84 1627 145 1670 non
169 1605 255 1670 levis
280 1604 524 1689 probabilitatis
552 1604 676 1688 species
703 1603 784 1668 haec
812 1602 845 1667 iu
874 1608 1028 1688 promptu
1051 1608 1114 1689 est,
1147 1605 1232 1690 quod

85 1713 178 1776 etiam
204 1713 349 1797 aegrius,
378 1711 494 1794 quibus
521 1711 618 1776 rebus
643 1711 797 1795 quattuor
821 1710 966 1796 tabulae,
996 1733 1092 1796 qnam
1116 1712 1231 1797 quibus

86 1823 146 1882 tres
176 1820 337 1903 compleri
369 1818 548 1902 potuerint,
580 1817 794 1903 intollegltur,
825 1822 998 1903 postquam
1031 1820 1232 1904 gravissimis

87 1926 246 1991 beneficiis
271 1929 304 1991 et
326 1925 587 1991 immunitatibus
601 1925 814 1990 Thermenses
833 1926 898 1990 iam
917 1926 1030 1991 tabula
1049 1927 1155 2009 prima
1173 1927 1230 1992 im·

88 2032 222 2115 pertivit
272 2032 378 2117 Atque
401 2033 434 2097 id
457 2031 564 2116 ipsum
589 2031 767 2096 Dirkscnus
796 2032 874 2097 adeo
903 2054 937 2097 se
967 2031 1157 2118 intellegere
1180 2055 1233 2098 ne-

89 2139 171 2222 gavit
193 2140 215 2203 l.
241 2161 266 2204 s.
290 2161 314 2204 s.
341 2163 372 2224 p.
393 2139 470 2221 142,
503 2141 539 2203 ut
565 2160 729 2223 perpauca
754 2143 829 2224 post
860 2161 929 2203 eam
953 2139 1099 2203 tabulam
1122 2140 1284 2205 deessexv

89 2267 175 2328 posse
204 2245 248 2310 ad
276 2243 491 2309 Thermenses
520 2246 700 2330 spectantia
729 2246 957 2329 ratiocinatus,
989 2249 1112 2311 ceteras
1141 2251 1233 2330 quot·

90 2357 160 2434 quot
179 2353 323 2417 brissent
340 2353 471 2418 tabulas
491 2353 530 2418 ad
550 2353 632 2417 alias
651 2353 814 2438 quaslibet
833 2353 951 2416 liberas
971 2353 1119 2418 civitates
1134 2353 1233 2420 Asiae

91 2460 278 2541 pertinuisse
307 2460 370 2525 sibi
397 2460 606 2544 persuaderet
637 2460 749 2524 eadem
777 2481 849 2524 oum
878 2457 1131 2525 Thermensibus
1161 2461 1233 2548 lego

91 2565 342 2650 comprehensas.
400 2567 476 2632 Non
507 2567 706 2632 infructuose
738 2567 879 2632 fortasse
916 2566 995 2630 illud
1033 2567 1071 2631 de
1103 2567 1232 2653 integro

92 2679 265 2757 quaeretur,
288 2697 365 2738 num
390 2696 472 2759 quae
496 2674 709 2757 probabiliter
733 2672 880 2759 indagari
899 2673 1074 2739 divinando
1094 2675 1232 2761 possint,

92 2767 377 2863 queeconstitutis
403 2781 439 2846 in
466 2781 571 2865 prima
594 2781 710 2846 tabula
736 2781 860 2846 iuribus
885 2780 1052 2846 commode
1074 2803 1158 2848 nova
1182 2807 1232 2848 ac·

93 2890 256 2954 cesserint:
280 2888 336 2952 scd
359 2888 488 2953 etiamsi
511 2888 609 2952 talem
631 2909 761 2972 operam
780 2886 938 2952 destituat
957 2893 1100 2970 eventus,
1124 2895 1232 2958 tamen

95 2993 238 3060 llirkseni
261 2994 389 3078 quidem
413 2994 597 3060 coniectura
626 2994 678 3058 vel
701 2994 762 3060 hoc
786 3017 849 3059 uno
873 2999 1063 3079 argumento
1087 2997 1151 3062 nisi
1174 2999 1232 3064 fal·

94 3099 180 3164 limur
198 3101 282 3168 satis
300 3101 514 3186 redarguitur,
538 3100 623 3186 quod
642 3100 680 3166 de
700 3101 920 3185 compluribus
940 3101 1127 3168 civitatibus
1146 3105 1233 3170 latae

93 3204 150 3291 legi
182 3208 237 3272 vix
269 3209 375 3293 potuit
403 3209 444 3273 ab
473 3231 537 3272 una
565 3207 810 3274 Thermensium
843 3208 975 3273 civitate
1004 3232 1121 3276 nomen
1150 3214 1233 3279 fieri:

95 3314 160 3395 quid
188 3315 277 3380 enim
301 3315 352 3378 vel
374 3337 507 3379 caussae
535 3314 584 3379 vel
613 3313 748 3378 rationis
776 3314 875 3378 fnisse
904 3313 1048 3380 dicamus
1072 3339 1128 3382 cur
1150 3322 1232 3384 tam-

96 3440 183 3502 quam
207 3420 394 3506 appendicis
416 3421 487 3486 loco
512 3425 640 3486 tautum
663 3424 788 3496 ceterae
818 3421 869 3485 vel
893 3422 1080 3490 accederent
1103 3426 1153 3489 vel
1176 3425 1232 3490 ha·

96 3524 261 3592 berentur?
306 3526 409 3612 Atqui
438 3527 453 3592 I
467 3527 542 3592 ·DE
554 3562 560 3577 ·
572 3526 781 3593 TERMESI·
795 3526 910 3592 PISID
921 3562 927 3577 ·
938 3528 1020 3594 MAI
1053 3531 1232 3616 praescrip-

97 3631 156 3696 tum
179 3638 229 3699 est
252 3633 286 3698 in
308 3634 436 3700 indice
459 3635 592 3700 tabulae
615 3635 739 3719 primae
763 3632 920 3720 (minime,
949 3636 1033 3720 quod
1057 3638 1121 3702 sibi
1144 3639 1232 3704 visus

98 3743 139 3800 est
159 3739 378 3824 Goettlingiue
401 3742 523 3827 legere,
547 3739 567 3808 t
591 3741 680 3827 Dm:
711 3742 794 3808 unde
819 3765 1016 3828 consequens
1045 3766 1115 3808 esse
1139 3748 1176 3808 ut
1197 3745 1232 3809 in

99 3843 191 3910 altera
212 3845 370 3931 seriptum
393 3849 492 3914 fuerit
515 3847 991 3915 lunensem-Plane}
1015 3854 1048 3915 et
1071 3851 1117 3915 sic
1135 3873 1231 3934 porro

98 3948 126 4012 in
154 3952 301 4037 reliquis,
336 3954 433 4020 solita
466 3955 713 4039 argumentandi
746 3955 907 4022 evidentia
939 3957 1063 4042 pridem
1096 3955 1231 4021 Momm-

100 4077 182 4124 scnus
211 4059 444 4125 demonstravit
471 4059 559 4125 Diar.
583 4061 683 4145 antiq.
706 4061 726 4126 l.
751 4084 774 4125 s.
799 4085 823 4126 s.
846 4085 876 4146 p.
899 4063 968 4128 108.
1016 4061 1086 4138 Quo
1110 4065 1232 4128 corruit

101 4183 166 4229 sane
187 4169 287 4232 etiam
311 4167 452 4234 Puchtae
476 4169 651 4252 sententia,
680 4171 892 4253 praemissum
921 4171 985 4254 legi
1010 4168 1161 4234 Sullanae
1184 4171 1231 4234 in·

100 4268 189 4337 dicem
209 4272 521 4351 vulne-xmo
545 4297 610 4341 non
634 4281 775 4341 octauam
798 4277 880 4362 legis
903 4279 939 4342 cle
959 4277 1074 4359 uipinti
1095 4281 1227 4358 geraesto

102 4375 173 4445 ribus
189 4379 335 4444 tabulam
352 4369 597 4465 interpretantis
617 4383 808 4466 simpliciter
821 4383 1067 4448 Institutionum
1082 4382 1099 4447 Ι
1113 4406 1142 4467 p.
1158 4384 1233 4468 320,

102 4483 147 4547 sed
166 4488 295 4569 praeter
316 4487 474 4553 rationem
499 4493 595 4572 caput
618 4493 767 4554 octavum
791 4489 874 4574 legis
901 4489 940 4553 de
964 4488 1079 4552 scribis
1103 4490 1230 4556 viatori·
