3074 5138
319 367 384 432 476
431 385 477 432 11
499 383 764 433 nncnrusrionu
789 383 936 447 stonu
959 385 1089 432 narius
1112 383 1392 434 uncornrrrora.

318 527 435 611 tueris,
458 527 492 592 in
516 531 629 593 nostra
652 549 767 594 caussa
790 529 963 613 quicquam
985 527 1168 612 profeceris.
1203 527 1296 592 Nam
1321 528 1384 592 etsi
1406 527 1463 592 sin·

318 634 425 718 gulari
449 657 525 699 sane
549 635 711 720 exemplo,
739 639 772 700 et
795 636 880 720 quod
903 635 957 701 vix
980 638 1068 700 certo
1098 633 1215 701 iudicio
1238 635 1409 719 expedias,
1434 635 1464 708 in

244 745 254 758 '
317 740 475 807 Perusino
503 741 611 826 lapide
640 743 724 828 apud
747 739 989 809 Vermiliolium
1017 742 1095 808 Iscr.
1123 741 1194 807 Per.
1214 741 1248 806 11
1279 741 1464 826 peceat

317 868 363 929 pr.
387 847 454 912 484
473 847 528 912 alt.
552 845 946 914 erchunnen-1.-
961 847 1234 928 ALEXANDER
1257 849 1397 914 nomina
1419 870 1464 913 so-

268 985 304 1025 ιχ
320 951 406 1018 oiata
428 952 540 1036 habes,
563 957 672 1018 tamen
695 955 729 1018 in
753 954 851 1021 titulo
871 953 1090 1022 Garruccieno
1112 978 1179 1022 non
1203 959 1254 1020 est
1280 956 1351 1020 ullo
1375 953 1464 1020 modo

319 1059 471 1125 credibile
494 1058 591 1126 ΜΕΝ
595 1057 703 1125 ATES
730 1060 870 1126 formam
899 1082 1036 1156 sequare
1059 1058 1307 1126 MAnNATES
1333 1061 1464 1144 seriptu-

318 1187 401 1230 ram:
425 1187 522 1250 quam
546 1169 631 1232 enim
650 1167 797 1253 angustis
816 1166 935 1232 finibus
954 1187 970 1232 c
987 1167 1108 1232 vocalis
1127 1188 1186 1251 pro
1205 1187 1242 1232 oe
1260 1165 1463 1252 diphthongo

317 1293 394 1336 usus
422 1271 456 1336 in
483 1273 783 1357 priscalatinitate
812 1273 1073 1357 circumscriptus
1101 1274 1210 1357 fuerit,
1244 1272 1331 1338 satis
1360 1273 1464 1338 videor

317 1377 352 1442 in
375 1401 490 1444 comm.
513 1375 665 1446 de'fictil.
687 1379 750 1446 litt.
773 1402 804 1464 p.
822 1379 866 1446 22
891 1381 1002 1463 [supra
1024 1402 1055 1464 p.
1074 1379 1153 1461 286]
1178 1379 1340 1445 docuisse.

407 1483 476 1562 Quo
500 1485 599 1571 igitur
627 1485 839 1552 confidentius
862 1483 1037 1550 Menates
1064 1489 1159 1550 teneo
1187 1508 1248 1571 pro
1278 1485 1463 1550 Minatins

317 1592 473 1676 positum,
505 1613 543 1658 eo
576 1613 661 1658 nunc
693 1613 769 1657 sane
803 1591 898 1656 citius
927 1588 1137 1656 chlnnus
1169 1590 1252 1656 illud
1286 1592 1461 1658 extermino

318 1699 404 1783 quod
418 1720 507 1763 mero
522 1720 630 1764 errore
645 1699 783 1783 inrepsit
796 1699 829 1763 11
843 1698 903 1782 pe
918 1697 1027 1779 [449]:
1052 1697 1178 1783 quando
1198 1697 1233 1764 in
1252 1698 1363 1764 forma
1377 1697 1461 1762 fictili

318 1804 540 1871 aBoissieuio
568 1805 735 1890 publicata
762 1805 863 1870 Inscr.
885 1803 986 1889 Lugd.
1010 1827 1040 1888 p.
1058 1803 1124 1868 443
1147 1826 1178 1869 n
1200 1805 1241 1870 16
1270 1807 1360 1870 recte
1384 1803 1460 1868 lecta

317 1911 486 1997 inscriptio
522 1909 744 1977 VALGIAES
759 1946 766 1960 ·
780 1908 993 1976 LVOILLES
1030 1911 1198 1996 genetivus
1236 1909 1460 1976 declinationis

316 2019 441 2103 primae
465 2023 627 2085 monstrat
650 2019 863 2104 apertissime.
909 2016 1034 2084 Omitto
1056 2041 1142 2084 nunc
1165 2018 1245 2103 alia,
1268 2018 1361 2084 velut
1382 2017 1459 2104 quod

317 2126 350 2190 in
374 2129 514 2191 tractato
537 2148 567 2209 p.
589 2126 629 2190 13
654 2125 747 2206 [456]
776 2125 874 2191 titulo
897 2125 1111 2192 Nemausensi
1139 2125 1335 2210 perdubiam
1364 2123 1460 2190 afide

312 2231 492 2298 memoriae
521 2253 591 2296 esse
614 2229 931 2297 1111111111Ιὸ
958 2232 1132 2298 lectionem
1154 2231 1396 2298 Mommsenum
1417 2231 1459 2294 in·

318 2343 447 2423 spectac
470 2362 490 2404 a
509 2361 543 2403 se
562 2338 697 2404 schedae
718 2337 946 2423 Scaligeranae
965 2337 1139 2402 Leidenses
1158 2337 1347 2405 docuerunt
1380 2337 1458 2403 Nam

316 2449 354 2510 ut
376 2446 548 2530 quaedem,
577 2444 694 2530 quibus
722 2443 792 2509 illie
820 2466 898 2509 usus
927 2467 999 2508 sum
1026 2444 1266 2531 incertioribus,
1296 2447 1397 2512 missa
1417 2445 1458 2509 la·

318 2551 430 2619 cienda
458 2554 537 2637 sint,
565 2574 631 2617 non
658 2556 767 2618 tamen
795 2551 875 2618 haec
902 2554 982 2636 puto
1010 2552 1188 2636 impedient
1215 2553 1389 2639 quominus
1413 2551 1456 2614 rei

317 2682 444 2725 summa
466 2655 557 2725 salv'a
579 2661 747 2726 habeatur.
769 2696 813 2706 -
835 2658 944 2724 Vnum
972 2660 1056 2726 addo
1080 2682 1275 2745 quamquam
1301 2659 1456 2725 levidense

316 2789 375 2832 nec
398 2767 438 2832 ad
462 2766 658 2850 scriptorum
685 2767 795 2851 potius
822 2789 920 2851 quam
947 2767 988 2832 ad
1015 2766 1222 2832 librariorum
1250 2789 1347 2832 nsum
1374 2785 1454 2848 spec-

317 2877 400 2938 tans.
440 2872 510 2939 Nec
533 2873 619 2938 enim
642 2871 787 2956 profecto
810 2870 904 2936 nobis
927 2872 1115 2956 persuaderi
1138 2871 1301 2957 patiemur
1327 2871 1454 2954 abipso

317 2979 410 3045 Livio
426 2980 606 3063 profectam
621 3001 690 3044 esse
704 2979 881 3064 pristinam
895 2983 992 3064 atque
1007 2979 1086 3045 adeo
1102 2978 1338 3046 Sallustianam
1361 2977 1453 3044 alius

317 3086 406 3151 vocis
433 3085 698 3169 declinationem,
731 3087 821 3152 cuius
850 3090 980 3171 praeter
1008 3085 1104 3170 illud,
1137 3085 1222 3171 quod
1249 3081 1452 3172 p.10[453]

317 3192 389 3259 adn.
413 3193 521 3278 attigi,
551 3191 614 3257 duo
638 3195 783 3278 exempla
805 3193 973 3276 indagavit
996 3193 1224 3258 studiosissimi
1247 3189 1452 3258 adulescentis

316 3299 477 3366 industria
506 3299 540 3365 in
568 3299 712 3364 Liuianis
744 3299 837 3365 libris
869 3299 996 3364 naviter
1028 3320 1100 3364 vers
1121 3299 1156 3364 11.
1201 3298 1251 3364 Ac
1278 3299 1383 3365 levius
1409 3299 1453 3361 est

317 3407 416 3492 quod,
449 3429 522 3472 cum
549 3404 750 3491 1.V11,8,2
778 3407 813 3470 11
840 3427 899 3470 ms.
927 3405 1037 3471 codice
1060 3405 1216 3471 Kloclrius
1241 3404 1366 3488 ‘spudeo
1386 3401 1451 3467 atie

317 3515 415 3580 alium
446 3511 653 3596 increpantcs'
685 3514 894 3597 repperisset,
930 3512 1003 3577 inde
1036 3511 1239 3578 efficiendum
1271 3513 1336 3580 altr
1363 3511 1452 3576 ullium

316 3621 446 3704 putavit
475 3618 672 3686 Sallustiano
706 3619 860 3704 exemplo.
906 3617 1022 3684 Paullo
1054 3619 1186 3704 gravius
1219 3618 1322 3684 videri
1352 3617 1450 3703 potest

316 3727 402 3811 quod
424 3724 445 3790 l.
463 3724 581 3810 XXIV,
600 3727 652 3808 28,
670 3725 692 3789 4
714 3725 785 3810 ipse
797 3723 1083 3790 Weissenbornius
1106 3723 1280 3790 aPuteani
1304 3721 1448 3790 memorie

316 3853 345 3916 st
370 3817 479 3916 abhuc
508 3849 635 3915 trabant
660 3869 708 3915 res
736 3847 772 3938 (a
794 3849 923 3934 quidem
952 3870 1049 3914 manu
1076 3848 1174 3914 tertia
1203 3871 1302 3933 supra
1326 3843 1449 3932 scripto)

316 3959 480 4041 profectus
503 3959 549 4024 ab·
570 3959 633 4024 ctio
655 3956 720 4042 ipsi
738 3955 890 4040 scriptori
908 3955 1026 4020 tribuit
1044 3954 1139 4040 idque
1158 3957 1192 4020 in
1211 3955 1446 4022 continuitatem

317 4063 489 4129 verborum
522 4062 660 4146 exempli
692 4063 742 4128 sui
775 4063 905 4148 reecpit.
965 4061 1057 4140 Quod
1091 4084 1146 4127 eur
1177 4083 1243 4126 non
1276 4063 1448 4146 probemus,

317 4192 447 4236 caussas
475 4173 543 4235 tam
567 4191 637 4234 esse
662 4173 791 4252 apertas
814 4172 981 4254 putamus,
1017 4171 1054 4234 ut
1077 4172 1111 4234 et
1133 4165 1201 4233 otio
1225 4169 1258 4232 et
1282 4165 1445 4255 operaest

317 4277 439 4346 chartis
462 4275 657 4365 parcendum
679 4275 836 4341 videatur.

781 4487 992 4498 ——-—.-.
