3062 5142
311 359 377 423 260
523 376 570 422 nn
595 374 776 424 suuvnuao
801 374 985 422 svarosvu
1009 371 1227 420 uvsuvuauo

311 517 529 582 conerianisc
548 540 570 601 p
591 518 612 581 lc
634 517 652 582 b
672 517 695 598 s
710 539 726 582 c
749 517 882 599 diversi,
904 516 969 580 nisi
992 514 1077 602 quod
1100 515 1175 596 inp
1202 511 1237 576 M
1257 510 1310 575 -F
1332 545 1340 558 ·
1362 506 1389 572 C
1408 507 1463 572 ·N
1515 559 1516 566 .

311 626 467 709 scriptum
490 629 540 690 est
563 630 599 690 ut
622 624 706 708 apud
721 623 891 708 Vulpium,
914 623 948 688 in
969 623 992 704 f
1009 621 1130 688 omissa
1152 625 1190 685 ut
1212 618 1299 704 apud
1325 615 1462 681 eundern

311 735 344 795 et
367 729 560 797 Kircherum
582 731 599 795 I
621 733 712 815 nota,
742 730 899 814 septimus
928 733 962 793 et
983 732 1117 795 octavus
1140 723 1226 792 novi*
1240 727 1464 790 accesserunt:

311 833 860 903 O·FOVR·A·F·MARGIA
894 833 1060 900 GOIVNX
1092 838 1125 897 et
1157 832 1226 896 AN
1255 829 1364 916 (quod
1394 829 1461 896 ΛΝ

310 943 557 1028 interpretatur)
585 941 703 1007 FOVlt
722 978 729 992 ·
748 942 782 1005 M
802 977 808 990 ·
827 941 862 1006 F.
907 941 1114 1026 Turpilianus
1142 944 1250 1004 autem
1279 961 1359 1004 cum
1383 937 1464 1002 tales
1515 965 1516 976 ι

179 1067 188 1082 ·
310 1051 432 1136 posuit:
452 1047 752 1115 LuvuPlLum
772 1049 860 1114 L·F
880 1041 1463 1122 etM-uvupmlouunu

311 1162 344 1222 et
367 1154 666 1232 Q·TVRPILEIO
689 1155 790 1241 Lu,
819 1155 915 1220 facile
942 1155 1144 1239 intellegitur
1170 1155 1314 1238 primum
1345 1155 1381 1216 et
1403 1155 1463 1215 ter-

310 1263 391 1328 tium
421 1263 550 1330 eosdem
582 1283 652 1328 esse
682 1277 755 1327 cum
782 1261 1036 1345 Falconerianis,
1068 1262 1123 1326 sed
1155 1283 1213 1350 nee
1241 1264 1332 1325 recta
1352 1258 1464 1323 ,lectos

311 1391 370 1434 nec
393 1369 566 1454 diligenter
584 1370 814 1454 transcriptos,
836 1369 916 1434 item
934 1391 1056 1436 novum
1075 1391 1146 1434 esse
1165 1367 1319 1432 medium.
1355 1365 1420 1442 Qui
1438 1365 1463 1428 si

310 1497 424 1560 reapse
446 1471 637 1560 praestabat
659 1476 862 1543 TVRPILIO
885 1476 1033 1560 formam,
1060 1475 1099 1540 de
1122 1497 1185 1561 quo
1210 1478 1260 1541 est
1283 1495 1345 1538 cur
1369 1472 1463 1536 vebe·

312 1587 437 1647 menter
461 1582 603 1666 dubites,
626 1588 661 1648 at
684 1585 718 1648 in
741 1584 807 1648 illis
830 1606 926 1649 nemo
950 1583 1115 1649 dubitabit
1137 1583 1215 1666 quin
1238 1578 1462 1646 TVRPLEIO

311 1690 468 1774 scriptum
491 1690 667 1776 exstiterit,
696 1713 762 1757 non
785 1689 1033 1756 TVRPILEIO.
1079 1689 1281 1773 Quamquam
1311 1688 1402 1752 enim
1426 1707 1463 1749 ne

310 1796 373 1862 boc
396 1797 524 1882 quidem
547 1798 672 1862 ratione
696 1797 887 1862 destitutum
910 1800 1106 1876 esttamen
1120 1801 1189 1861 tam
1208 1798 1342 1859 vetusto
1366 1792 1463 1858 titulo

187 1951 192 1956 -
312 1907 368 1968 aut
399 1903 433 1967 in
462 1907 529 1968 tres
563 1903 708 1987 syllabas
743 1906 924 1970 coartatum
961 1925 1079 1968 nomen
1115 1901 1346 1982 conueniebat,
1380 1897 1463 1982 quod

276 2024 297 2064 v
312 2030 412 2094 genus
435 2033 537 2095 nuper
559 2010 654 2095 tetigi
676 2009 763 2075 Mon.
787 2010 888 2095 epigr.
912 2015 951 2076 tr.
975 2032 1005 2093 p.
1023 2009 1070 2073 IX
1096 2012 1208 2093 [supra
1230 2030 1261 2091 p.
1285 2008 1381 2091 1731,
1408 2013 1462 2070 aut

311 2117 552 2200 quadrisyllaba
575 2115 842 2182 TVRPVLEIOs
864 2117 974 2200 potius
998 2138 1095 2200 quam
1119 2113 1378 2192 TVRPILEIOs
1401 2112 1461 2176 lor·

311 2245 372 2288 ma.
424 2223 469 2288 ut
496 2223 558 2288 hoc
586 2223 715 2308 quidem
742 2223 837 2309 quale
865 2223 921 2308 sit,
952 2223 1064 2307 paucis
1090 2243 1175 2286 nunc
1207 2222 1254 2286 ita
1286 2241 1462 2306 persequar

311 2333 348 2393 ut
375 2351 413 2394 ea
441 2329 514 2414 ipsa
541 2330 788 2414 quaestiuncula
819 2329 903 2394 hanc
933 2327 1156 2413 procamiandi
1188 2328 1332 2412 opellam
1364 2326 1462 2393 eonti-

306 2435 420 2518 iream,
444 2435 485 2500 ad
507 2435 624 2501 Furiae
647 2441 755 2501 autem
779 2436 885 2521 gentis
909 2437 1147 2519 epigrammata
1169 2433 1357 2500 Tusculana
1380 2432 1459 2520 (qui-

312 2542 372 2607 bus
396 2542 459 2608 duo
483 2541 572 2606 tituli
598 2544 691 2628 eique
718 2542 1003 2626 pcrmemorabiles
1031 2563 1133 2625 nuper
1160 2541 1290 2606 demum
1320 2561 1460 2607 accesse-

312 2649 401 2734 runt)
425 2650 460 2716 in
481 2669 634 2733 praesens
653 2670 718 2713 non
737 2648 908 2732 exspatier,
930 2647 1120 2732 praesertim
1142 2669 1214 2712 cum
1233 2669 1358 2733 eorum,
1382 2667 1459 2732 quae

312 2758 346 2822 iu
365 2757 416 2821 his
436 2755 615 2841 singularia
634 2759 717 2836 sunt,
741 2756 883 2840 plurima·
898 2755 964 2820 iam
983 2753 1227 2838 perstrinxerim
1246 2777 1305 2838 per
1323 2757 1458 2820 aliarum

312 2862 566 2946 disputationum
590 2862 696 2927 varias
719 2861 990 2946 opportunitates.

400 2969 475 3034 Non
499 2971 607 3033 autem
631 2968 717 3033 aliud
741 2991 811 3033 esse
836 2967 1050 3052 Turpleios
1073 2965 1303 3050 Turpuleius
1333 2988 1457 3044 nomen,

313 3075 369 3140 sed
392 3074 488 3158 plane
511 3075 595 3139 idem
620 3077 717 3159 atque
737 3073 951 3159 Turpilius,
975 3078 1044 3138 tam
1067 3095 1137 3139 esse
1161 3071 1293 3138 evidens
1315 3079 1398 3158 puta
1417 3077 1458 3150 ut,

313 3180 397 3245 unde
420 3179 550 3244 taudem
574 3181 651 3245 oriri
676 3180 844 3248 dubitandi
868 3201 983 3244 caussa
1000 3179 1114 3263 possit,
1135 3200 1176 3243 ne
1195 3179 1373 3245 divinando
1392 3179 1457 3264 qui-

313 3287 385 3350 dem
413 3308 576 3372 assequar.
621 3287 676 3351 An
704 3287 775 3372 quis
804 3286 969 3372 dubitabit
995 3309 1087 3369 num,
1120 3286 1174 3369 qui
1202 3287 1235 3349 in
1259 3285 1457 3352 columbario

313 3391 510 3458 Somaseano
535 3392 621 3477 apud
644 3393 771 3479 Lupum
792 3392 900 3458 Seuer.
925 3398 1020 3458 mart.
1042 3415 1073 3477 p.
1092 3392 1135 3457 95
1157 3415 1188 3457 n.
1207 3393 1250 3458 32
1275 3389 1325 3474 [Ο.
1343 3391 1370 3459 Ι.
1387 3391 1420 3456 L.
1443 3388 1453 3452 l

289 3522 344 3592 ,n
366 3501 430 3565 977
438 3524 446 3583 3
487 3498 522 3564 P.
549 3499 584 3563 L.
612 3497 655 3564 M.
683 3499 719 3564 E.
752 3499 819 3565 tab.
846 3497 916 3581 XV,
940 3499 996 3582 32]
1029 3502 1080 3562 est
1110 3496 1145 3562 M
1163 3532 1169 3545 ·
1188 3495 1457 3578 VERGVLElru,

313 3631 380 3673 non
402 3608 530 3673 diverso
550 3611 646 3690 atque
671 3627 750 3691 gens
762 3606 936 3691 Vergilia
957 3607 1088 3671 nomine
1107 3605 1239 3670 utatur?
1265 3603 1327 3686 [cf.
1342 3605 1454 3690 Opuso.

312 3714 346 3779 Il
373 3738 403 3800 p.
423 3714 486 3779 779
507 3697 569 3798 sq.]
620 3713 726 3788 Quid?
763 3712 849 3798 quod
881 3713 960 3778 adeo
999 3711 1135 3796 triplicis
1167 3711 1293 3776 formae
1326 3733 1454 3797 prorsus

314 3822 487 3906 gemellum
505 3820 685 3904 exemplum
704 3820 805 3885 habes
827 3819 1062 3885 Marculeius
1085 3817 1296 3884 Mareleius
1320 3817 1452 3884 Marci·

313 3929 390 3994 lius
419 3928 565 4011 nomina,
597 3913 737 4016 medium
766 3925 893 4010 quidem
924 3925 958 3990 in
981 3924 1175 3990 Mommseni
1198 3923 1223 3988 Ι.
1243 3923 1279 3988 R.
1298 3923 1339 3990 N.
1364 3924 1452 3991 5657.

161 4095 174 4116 ,
313 4035 522 4120 Eandemque
545 4035 704 4098 rationem
728 4033 792 4098 alia
815 4055 880 4098 non
903 4053 1006 4116 pauca
1029 4036 1171 4114 tuentur,
1197 4051 1279 4114 quae
1297 4030 1389 4098 facili
1406 4051 1453 4094 ne·

315 4144 405 4226 gotio
429 4165 468 4206 ex
486 4141 735 4228 inscriptionum
754 4138 960 4223 potissimum
974 4137 1137 4203 thesauris
1152 4157 1335 4202 coacerves:
1359 4137 1452 4203 Auo·

315 4248 414 4311 leius
437 4247 592 4313 Auiliur
622 4246 721 4332 (unde
744 4247 839 4311 ducta
861 4243 1023 4309 Auleius
1051 4242 1218 4328 Aulius),
1248 4240 1451 4310 Canuleius

315 4349 504 4438 Oanilius,
523 4353 730 4418 Luculeius
749 4351 937 4434 Lucilius,
954 4349 1205 4415 Mutieuleius
1225 4348 1451 4430 Muticilius,

314 4457 518 4523 Paculeius
538 4459 727 4542 Pacilius,
751 4457 981 4524 Pontuleius
1000 4457 1211 4542 Pontilius,
1231 4457 1452 4524 Proculeius
