2948 5048
442 356 613 405 eounonn
636 355 779 405 anssvm
804 355 952 404 roenna.
1228 340 1270 405 27

123 498 290 581 superiore
309 521 405 563 versu
423 520 493 564 esse
514 500 622 583 potuit
645 503 701 563 aut
719 500 752 564 in
772 499 959 583 posteriore.
991 498 1063 565 Hoc
1082 499 1109 563 si
1129 522 1273 584 sequare,

122 626 305 688 proponere
346 605 398 670 vel
434 605 497 670 hoc
534 607 715 690 exemplum
752 606 843 672 licet:
883 623 1021 672 svmrsr·
1039 629 1142 679 em·
1158 629 1271 672 rasso·

123 730 205 776 anm
225 747 231 758 ·
252 729 317 779 svo
355 731 402 777 na
422 748 429 759 ·
448 729 545 777 noan
566 747 572 759 ·
592 729 728 777 evnern
745 748 751 761 ·
766 735 886 780 nnnrr·
903 735 1079 792 iserniae,
1116 715 1167 778 vel
1197 714 1271 779 hoe:

123 811 861 885 svu·mrs·nr·insso·n1n1svo-nn
887 838 1271 886 neruosaque-nu·

124 949 203 991 nir·
218 944 397 991 sonneras.
447 924 520 990 Non
553 927 664 1008 potest
696 919 912 992 demonstrari
946 927 981 990 in
1018 926 1071 991 his
1103 927 1186 992 falso
1219 928 1272 992 ad-

124 1035 261 1098 missum
282 1056 352 1099 esse
372 1036 598 1116 anapaestum:
623 1032 679 1096 sed
704 1033 819 1097 sentiri
838 1035 947 1117 potest
966 1037 1087 1118 quanto
1110 1035 1185 1117 plus
1205 1035 1274 1098 sine

125 1144 303 1225 anapaesto
327 1141 450 1226 gratiae
472 1139 598 1203 numeri
626 1137 769 1203 habituri
798 1139 873 1204 sint.
919 1140 990 1217 Quo
1013 1141 1051 1204 fit
1074 1145 1111 1204 ut
1133 1135 1174 1205 a'd
1197 1143 1273 1205 alte-

43 1246 51 1256 ’
124 1270 198 1311 ram
225 1247 334 1331 potius
362 1247 522 1312 rationem
550 1267 723 1310 avocemur
753 1247 973 1331 superiorique
1004 1247 1112 1312 versui
1140 1249 1272 1314 verbum

49 1391 52 1394 ⁴
126 1354 375 1439 grammaticum
416 1354 462 1418 sic
497 1374 571 1418 vere
609 1356 770 1437 aptemus:
817 1375 902 1424 mun
919 1389 924 1400 ·
943 1376 1068 1418 nentr-
1088 1371 1154 1419 svo
1174 1390 1180 1402 ·
1199 1373 1272 1419 Du·

125 1479 225 1527 mosa
241 1497 246 1508 ·
263 1476 402 1525 ovacra
418 1496 424 1507 ·
440 1439 524 1524 mn·
539 1446 743 1526 parcamus.
789 1460 939 1525 Diximus
966 1463 1076 1544 paullo
1106 1465 1181 1526 ante
1209 1484 1272 1546 quo

125 1568 224 1633 modo
242 1566 328 1632 tueri
345 1568 411 1630 iam
436 1567 632 1651 particulam
655 1567 781 1632 liceret:
805 1568 860 1631 sed
880 1567 979 1632 iidem
1002 1568 1183 1655 elegantiae
1207 1569 1273 1653 qui-

126 1675 200 1740 dem
223 1673 357 1738 maioris
386 1673 514 1738 laudem
544 1673 630 1738 haud
655 1696 731 1740 sane
755 1675 935 1759 composito
960 1676 1119 1741 vocabulo
1142 1676 1273 1760 deroga-

126 1804 200 1846 mus
229 1781 369 1867 quinque
398 1780 535 1864 syllabis
563 1781 802 1865 comprehenso
856 1781 949 1847 Talia
976 1781 1039 1847 duo
1066 1783 1273 1866 potissimum
1372 1791 1380 1809 '

126 1889 163 1953 in
191 1890 345 1972 promptu
373 1891 461 1972 sunt,
498 1906 725 1952 consonantem
753 1891 786 1952 et
813 1905 1041 1967 DELEMMINA,
1072 1888 1152 1952 illud
1179 1887 1274 1952 unius

126 1995 322 2079 Hieronymi
355 1995 501 2080 exemplo
531 1985 709 2080 cognitum}
745 1995 802 2079 qui
833 1995 976 2060 nescitur
1005 2017 1082 2059 num
1115 1994 1273 2078 antiquio-

127 2125 179 2168 res
212 2103 256 2167 sit
287 2104 432 2186 secutus,
472 2101 535 2166 hoc
565 2100 685 2165 nullius
718 2099 886 2185 scriptoris
919 2101 987 2164 ullo
1020 2101 1181 2186 exemplo,
1218 2101 1273 2167 sed

127 2209 214 2274 idem
247 2212 459 2292 cognatarum
492 2205 733 2290 comparatione
766 2206 944 2272 formarum
976 2208 1210 2274 delenimentum
1242 2212 1275 2272 et

127 2316 272 2399 lenimen,
287 2315 483 2379 lenimentum
504 2313 728 2378 tamfirmiter
746 2313 997 2402 defensum*)‚u
1034 2316 1175 2380 securius
1196 2337 1273 2380 sane

127 2422 334 2505 amplectere.
374 2419 444 2486 Nec
466 2421 659 2485 inusitatum
682 2421 876 2486 vocabulum
899 2422 1097 2506 Pomponius
1121 2422 1273 2488 carminis

92 2578 98 2587 .
127 2528 179 2593 sui
199 2550 226 2593 v.
244 2529 260 2592 1
281 2527 419 2613 defugit,
442 2526 525 2590 unde
549 2526 779 2609 transfnnyerer
802 2526 981 2593 addendum
1006 2528 1127 2594 lexicis.
1156 2530 1274 2606 Quam-

127 2658 225 2721 quam
244 2634 407 2701 noluimus
426 2634 473 2698 ita
490 2632 656 2717 hariolari,
674 2638 711 2698 ut
729 2655 830 2699 novas
848 2632 911 2699 huc
930 2655 1025 2699 voces
1045 2635 1274 2702 asciscercmus

126 2759 358 2809 emmeramni
391 2741 441 2804 vel
472 2759 736 2805 compareamus.
786 2740 856 2805 Iam
885 2741 986 2828 igitur
1012 2741 1138 2806 duobus
1166 2762 1328 2812 exem-111

127 2851 193 2936 plis
225 2871 324 2934 supra
354 2848 530 2933 propositis
568 2846 672 2910 altera
709 2847 771 2912 duo
809 2847 890 2912 haec
923 2847 1091 2913 accedunt:
1133 2866 1274 2915 avares]-

128 2979 232 3031 om·
247 2978 349 3021 nanis
361 2992 367 3004 ·
381 2973 461 3020 inni
476 2990 481 3002 ·
498 2972 563 3021 svo
579 2990 585 3002 ·
600 2973 647 3018 Da
664 2990 669 3002 ·
684 2973 780 3021 noan
797 2991 802 3003 ·
819 2973 955 3022 ovacra
972 2991 977 3004 ·
994 2975 1223 3021 consonamus
1243 2962 1275 3023 et

24 3147 25 3150 Ἴ
127 3083 199 3131 svn
214 3100 220 3111 ·
236 3084 336 3128 amns
350 3099 356 3110 ·
371 3086 414 3126 rr
429 3062 551 3126 vunnu
568 3097 574 3109 ·
594 3079 673 3126 unu
692 3097 698 3109 ·
719 3079 783 3128 svo
799 3099 805 3110 ·
824 3081 872 3128 nu
888 3099 894 3111 ·
909 3081 1005 3129 noan
1022 3099 1028 3111 ·
1044 3081 1183 3129 cvncra
1198 3100 1204 3113 ·
1220 3088 1275 3129 nu-

128 3188 309 3237 neuturus.
353 3169 479 3234 Horum
505 3174 613 3234 autem
642 3170 785 3234 omnium
814 3169 890 3256 quid
920 3171 1052 3236 tandem
1084 3193 1194 3236 verum
1222 3172 1275 3256 sit,

128 3281 158 3344 is
190 3278 319 3343 demum
352 3276 456 3340 dicere
488 3276 611 3360 poterit
648 3275 703 3360 qui
740 3277 880 3360 lapidem
915 3277 1019 3342 denuo
1052 3277 1153 3343 oculis
1185 3300 1276 3342 usur·

127 3383 271 3471 paverit:
309 3383 436 3467 quando
466 3383 500 3446 in
527 3380 734 3446 Mommsenii
765 3383 894 3467 quidem
926 3383 1123 3448 testimoniis
1155 3405 1275 3469 nequa-

128 3514 228 3577 qnam
252 3491 333 3555 satis
356 3490 427 3573 opis
455 3492 506 3553 est
528 3488 568 3553 ad
591 3487 800 3552 difficultates
823 3510 936 3553 omnes
959 3488 1180 3573 expediendas.
1214 3490 1275 3567 Qui

127 3620 204 3664 cum
222 3597 391 3680 utriusqus
409 3616 520 3660 versus
540 3595 687 3659 lacunam
709 3616 825 3659 novem
844 3594 1027 3660 litterarum
1051 3597 1167 3682 spatiis
1191 3594 1233 3684 (ai
1253 3617 1276 3662 A

125 3703 210 3770 illud
240 3699 416 3789 addideris)
443 3701 664 3786 descripserit,
698 3702 844 3785 apprime
876 3703 908 3767 in
937 3702 997 3766 hos
1025 3727 1177 3770 numeros
1208 3728 1276 3770 conv-

128 3847 346 3858 --—..-.—--—-

221 3934 248 4000 *)
266 3931 308 3985 De
327 3930 389 3985 aliis
408 3947 518 3999 quoque
537 3929 685 4000 similibus,
714 3933 747 3985 ut
769 3931 852 3985 hodie
875 3949 918 3986 res
941 3933 996 4001 est,
1025 3931 1141 4002 singulis
1165 3935 1276 3988 tantum

126 4018 282 4077 latinitatis
300 4017 435 4089 exemplis
447 4021 569 4074 constat.
608 4019 669 4083 Quo
692 4035 822 4072 vocamen
844 4019 966 4088 partinet
983 4020 1187 4090 Lucretianum,
1211 4021 1276 4076 Ovi·

126 4111 217 4166 diana
234 4110 373 4178 fulcimen,
392 4125 567 4176 concremari,
586 4110 711 4162 sedamen
725 4106 857 4176 Senecae,
876 4125 1006 4162 ornamen
1024 4109 1159 4165 Marciani
1179 4111 1275 4181 Capel-

127 4201 184 4265 lae,
203 4199 370 4252 tamulamen
393 4197 507 4252 Anthol.
527 4197 576 4252 lat.
596 4196 643 4264 IV,
663 4203 713 4251 322
739 4199 819 4265 (1412
838 4198 953 4266 Meyer).
990 4197 1121 4253 Eiusdem
1141 4201 1274 4256 Antholo·

126 4287 196 4359 giae
214 4286 295 4341 roll
313 4304 341 4355 p.
357 4293 408 4341 746
427 4287 519 4340 Burm.
539 4291 601 4355 (230
615 4286 664 4356 M.)
688 4286 832 4341 venustius
851 4286 943 4341 dicam
963 4304 999 4341 an
1018 4287 1149 4344 lascivius
1163 4307 1275 4344 carmen

127 4375 301 4431 documento
320 4376 364 4429 est
380 4376 541 4430 delectamen
559 4375 648 4431 forma
664 4375 751 4431 semel
769 4377 819 4430 aut
832 4376 979 4444 antiquum
993 4379 1106 4446 poetam
1120 4396 1208 4449 usum,
1227 4380 1276 4433 aut

128 4465 193 4520 sine
212 4462 320 4533 antiqui
340 4463 512 4520 auctoritate
530 4465 573 4520 uti
591 4480 647 4518 non
665 4464 785 4520 veritum
805 4482 865 4520 esse
883 4466 1032 4520 Muretum.
