2948 5048
184 303 187 307 ¹
243 321 309 387 464
354 339 401 386 ne
426 339 696 389 nnonmsrrorur
721 340 868 399 ovium
891 338 1024 387 omme
1045 338 1319 390 oeconomicus
1350 342 1362 360 ·

243 483 332 547 tione
360 484 410 547 ve]
439 486 528 547 netas
551 483 705 547 Plautina
734 484 786 547 vel
814 487 930 568 poctee
957 482 1157 549 consuetudo
1185 482 1406 567 expresserit,

243 590 276 653 id
301 590 385 673 quod
409 590 487 654 fecit
511 611 587 653 sane
611 590 790 654 communis
818 612 896 655 usus
924 589 959 654 iu
982 589 1134 673 genetivo
1157 589 1236 675 fili,
1263 590 1411 659 facilius

244 697 356 780 quaeri
379 720 476 781 quem
500 697 688 780 responderi
712 702 873 780 putamus.
891 734 936 745 -
954 695 1105 762 Ceterum
1125 697 1167 762 ed
1185 703 1331 763 neutrum
1360 706 1418 766 ut

244 803 387 886 redeam,
415 803 625 882 Bentleiunue
653 805 688 867 in
712 803 865 868 Terentio
893 805 1095 869 coniecturae
1124 804 1264 869 alterum
1285 827 1421 873 exe-nr

243 911 333 993 plum
356 911 483 995 neglexi
507 932 638 992 prorsus
667 910 841 993 gemellum
870 911 955 994 quod
984 915 1034 975 est
1061 910 1095 974 in
1119 908 1268 994 Hecyrae
1294 933 1369 977 ver·
1378 938 1433 978 su

171 1008 176 1014 ’
244 1014 283 1099 V,
310 1019 337 1100 l,
361 1018 417 1085 24:

243 1140 332 1221 iilid
358 1159 384 1222 si
405 1159 530 1241 scirem,
554 1157 612 1243 qui
628 1159 756 1223 firmare
776 1161 879 1224 me'am
900 1160 985 1244 apud
1003 1182 1062 1224 uos
1081 1162 1213 1244 possem
1233 1161 1324 1226 fidem
1347 1198 1455 1219 —.

243 1301 296 1365 Itu
318 1302 447 1384 quidem
471 1299 638 1365 Bentleius
661 1324 721 1385 pro
745 1324 783 1366 eo
808 1302 892 1385 quod
916 1302 1021 1366 estin
1045 1303 1140 1367 libris
1160 1304 1312 1375 Aiicdsi
1329 1298 1462 1368 sei

242 1429 316 1471 rem.
361 1406 576 1489 Transposuit
598 1406 825 1473 Fleckeisenus
848 1408 886 1472 Si
908 1410 998 1474 alicui
1017 1410 1140 1473 scirem:
1168 1410 1308 1475 dubitari
1328 1424 1463 1493 pv·

242 1518 308 1577 test
325 1535 402 1577 num
422 1514 486 1577 ulio
505 1515 612 1596 potius
632 1515 789 1579 vocabulo
808 1516 1008 1599 transposito
1026 1519 1126 1599 poete
1143 1515 1268 1581 dederit
1279 1512 1338 1581 'Ar
1339 1514 1385 1577 i.
1385 1507 1466 1574 ted

242 1621 271 1685 si
292 1620 413 1702 scirriu,
440 1621 568 1701 timeare
594 1623 649 1702 qui
671 1621 757 1704 ‹iqmd
782 1644 837 1687 uos
863 1644 962 1686 orcum
980 1624 1101 1705 possein
1123 1624 1224 1705 fidon.
1269 1614 1463 1708 Equi·

244 1725 337 1789 sitius
362 1747 431 1790 esse
454 1747 554 1790 orcum
576 1728 663 1809 cynici
683 1749 738 1792 uos
759 1730 850 1810 fidem
879 1751 944 1793 uon
967 1752 1019 1794 me
1041 1728 1140 1814 fugit:
1170 1731 1228 1795 sed
1251 1718 1461 1816 exquisi-

244 1833 309 1896 tius
334 1833 432 1897 etiam
456 1834 547 1898 uliud
568 1835 597 1898 si
618 1837 727 1899 sciron
750 1841 800 1900 est
824 1859 920 1921 quam
943 1838 972 1901 si
994 1837 1084 1902 ciircd
1103 1839 1221 1902 scirem.

332 1940 505 2005 Praeterea
532 1941 637 2006 tribus
668 1941 777 2007 verbis
806 1943 950 2026 aperiam
983 1964 1038 2007 cur
1066 1942 1107 2008 ub
1139 1942 1202 2009 huc
1234 1931 1455 2009 socier-,ate

243 2050 300 2113 illa
323 2049 531 2130 seiunxerim,
554 2071 636 2132 quae
660 2071 724 2113 non
749 2050 845 2113 mirer
869 2050 897 2114 si
921 2050 961 2114 ad
986 2051 1120 2115 eandem
1141 2050 1450 2116 similitudinem

243 2156 389 2239 proxime
413 2155 563 2219 accedere
584 2155 716 2219 dixeris:
740 2156 967 2221 articularis
991 2156 1259 2240 articularius,
1282 2169 1400 2221 aux
1414 2140 1448 2204 ¹⁶·

244 2261 355 2325 uaris
397 2261 646 2346 auxiliarius,
693 2263 883 2326 iocularis
925 2263 1154 2348 iocularius,
1199 2246 1444 2347 rapuerir

243 2367 477 2450 lapidarius,
515 2368 675 2432 molaris
708 2369 907 2453 molarios,
944 2371 1131 2454 palmaris
1163 2370 1440 2454 palmarius,

243 2457 457 2559 singularis
495 2475 750 2559 singularius,
795 2475 937 2540 talaris
978 2475 1161 2561 talarius,
1203 2462 1436 2542 cotelerii

242 2582 466 2659 tutelarius,
503 2582 681 2666 uulgaris
719 2564 934 2667 uirlgerius,
971 2588 1003 2647 et
1030 2584 1058 2647 si
1086 2605 1168 2668 quae
1196 2584 1281 2649 forte
1311 2570 1434 2647 sul]t

243 2689 372 2752 similia.
418 2688 540 2752 Verum
563 2688 644 2752 haec
672 2689 835 2754 contrariu
862 2690 970 2773 potius
998 2691 1125 2755 ratione
1148 2689 1211 2755 huc
1233 2684 1431 2776 rcgurnssur

243 2796 343 2879 quod,
367 2817 438 2859 cum
461 2794 626 2878 longiores
650 2795 773 2859 formas
798 2799 887 2859 aetus
911 2797 1076 2880 antiquior
1098 2795 1284 2880 probasset,
1312 2781 1428 2860 sub

243 2906 371 2966 secutae
403 2902 532 2965 demum
566 2905 643 2965 sunt
673 2903 847 2967 breviores.
892 2901 992 2967 Velut
1018 2903 1171 2968 Plautum
1200 2902 1425 2968 Terentium

202 3037 227 3075 n
244 3008 426 3093 Turpilium
446 3007 602 3072 Catonem
619 3007 761 3072 Novium
782 3007 953 3073 Afranium
975 3008 1156 3093 horumque
1177 3008 1424 3094 pedisequum

243 3114 399 3197 Gellium,
423 3114 617 3197 posteriores
641 3117 750 3177 autem
773 3115 947 3198 scriptores
971 3116 1077 3181 nullos
1099 3121 1247 3182 auctores
1265 3095 1426 3180 hahssflt

243 3221 510 3304 articularius,
534 3221 733 3304 modarius,
761 3221 990 3307 palmarius,
1020 3223 1276 3308 singularius,
1302 3244 1327 3286 u
1345 3201 1425 3275 ¹1¹⁶

243 3328 389 3414 garius:
426 3350 602 3411 paucorum
635 3331 804 3411 utramque
837 3328 975 3394 formam
1006 3330 1079 3413 ipsa
1110 3329 1175 3394 iem
1209 3320 1424 3414 antiquit&

243 3428 481 3501 adsciverat'ut
503 3436 718 3500 iocularius
742 3435 930 3500 iocularis
953 3424 1205 3520 et,'Varronem
1228 3436 1311 3501 siin
1349 3433 1425 3528 ΒΗ

242 3543 341 3626 tiquis
360 3542 522 3623 habueris,
541 3541 771 3625 singularis:
796 3541 1032 3606 auxiliarius
1056 3543 1148 3608 iuxta
1166 3547 1263 3628 etque
1281 3538 1425 3608 eust

242 3650 358 3712 lieris
381 3648 487 3711 haesit
510 3649 595 3731 apud
614 3649 819 3732 posteriores,
838 3648 894 3713 sed
908 3647 1041 3713 Plautus
1061 3652 1171 3714 temen
1190 3671 1289 3714 unum
1305 3617 1424 3713 illud

242 3756 347 3820 novit:
380 3754 505 3817 nullum
530 3757 637 3818 exstat
667 3754 823 3820 eiusmodi
852 3755 1048 3839 exemplum,
1077 3777 1140 3840 quo
1168 3757 1248 3822 olim
1271 3741 1424 3840 [ηοω

242 3867 309 3926 tum
338 3861 517 3925 breviorem
545 3861 684 3925 formam
713 3861 847 3926 cessisse
875 3862 1076 3946 productiori
1104 3862 1371 3928 demonstretur
1369 3828 1424 3915 ᾖ)

242 4014 454 4024 .—.--..—-

331 4091 357 4159 r)
376 4090 455 4144 mm
472 4092 527 4146 hue
546 4092 639 4146 valere
658 4089 797 4145 inferioris
816 4090 879 4146 aevi
898 4091 1028 4161 exempla
1045 4090 1188 4163 interregis
1204 4093 1285 4162 quau
1298 4074 1416 4147 rab&

242 4180 510 4236 reonmmruvs
540 4181 560 4237 1.
584 4183 617 4235 rr,
642 4183 675 4236 rr.
703 4187 784 4249 roci,
817 4185 967 4250 postquam
995 4199 1046 4251 per
1072 4182 1165 4238 muru
1193 4182 1302 4239 occure
1341 4164 1413 4221 1¹⁰⁸

242 4269 484 4324 APOLLINARIS
504 4270 593 4324 formu
612 4271 730 4339 probatu
749 4273 799 4325 est.
815 4300 847 4309 —
864 4271 934 4324 Vtor
948 4270 1002 4325 hec
1015 4272 1161 4327 occasione
1181 4272 1217 4326 ud
1232 4240 1408 4341 supprend’

242 4376 275 4412 ea
289 4376 361 4427 quae
375 4359 410 4411 dc
421 4358 590 4412 BARNAES
606 4358 695 4413 forms
709 4359 861 4428 supradixi
876 4377 902 4427 p.
911 4366 942 4413 12
955 4360 1041 4430 [tout
1069 4360 1182 4415 Etenim
1191 4326 1404 4415 Beunsflffs

243 4446 407 4501 nominativi
426 4447 519 4500 nescio
539 4448 679 4516 quomodo
694 4449 795 4503 [retine
814 4448 942 4518 exemplu
960 4465 1006 4503 1ne
1023 4447 1158 4518 fugerunt
1174 4448 1197 4507 1.
1210 4446 1244 4505 R.
1256 4446 1291 4503 N.
1302 4424 1396 4501 ΜΗ·
