3048 5140
312 329 360 376 uu
381 327 509 376 rrrvuo
533 327 690 377 uarurco
714 329 994 378 asusuusrrmo.
1161 315 1224 378 311

338 469 475 536 Votum
497 471 568 537 deo
591 470 735 554 dionei,
1241 491 1262 532 v

340 577 556 642 Praefectus
578 576 660 660 ipse
684 577 834 642 cestris.
1068 573 1073 584 “

340 683 438 748 Ades
463 685 553 769 ergo
577 704 659 748 eum
681 681 858 768 Panisco,

338 790 481 856 Memor
504 790 575 855 hoc
598 812 753 855 munere
775 793 924 876 u6stro,
1185 795 1226 858 10

338 895 465 980 Natis,
488 896 638 980 sospite
662 899 793 962 matre.

338 1003 476 1069 Facias
501 1002 634 1069 uidere
658 1003 814 1070 Romam

337 1107 514 1177 Dominis
539 1132 693 1177 munere
717 1111 861 1177 honore

337 1217 504 1284 Mantum
527 1223 836 1303 coronatumque.

86 1326 227 1392 Formam
252 1349 369 1412 puram
387 1326 489 1404 habes
507 1326 710 1412 quinquiens,
733 1349 761 1390 v.
781 1328 809 1392 2.
833 1328 865 1392 4.
890 1329 940 1393 10.
965 1329 1013 1392 11.
1040 1328 1095 1392 13:
1118 1327 1151 1392 iu
1172 1327 1224 1392 his

88 1435 130 1498 bis
151 1438 353 1500 contractam
379 1433 562 1498 anacrusim
586 1455 614 1496 v.
633 1434 662 1496 2.
690 1436 738 1497 ll.
784 1433 929 1498 Eandem
954 1434 1135 1499 anaerusim
1159 1457 1224 1499 mo

86 1539 281 1624 uosyllabam
307 1539 369 1604 etsi
391 1538 612 1617 ἀνακλώμενοι
640 1560 766 1623 quoque
790 1539 931 1624 quinque
954 1541 1111 1625 exemplis
1133 1562 1224 1625 prae-

88 1651 166 1712 stant
186 1669 213 1711 v.
237 1647 266 1710 1.
286 1645 318 1709 3.
338 1645 416 1711 aa.
437 1646 487 1728 14,
509 1649 620 1708 tamen
642 1665 775 1727 prorsus
798 1645 894 1711 liberi
917 1650 993 1712 sunt
1016 1648 1057 1712 ab
1076 1647 1225 1730 iambica,

90 1774 173 1837 quam
194 1751 419 1838 refragantem
446 1774 581 1818 numero
611 1753 717 1818 ionico
741 1754 872 1819 inscitia
894 1754 1023 1819 demum
1048 1759 1224 1820 metrorum

89 1859 369 1926 iuhuacreouteis
397 1859 451 1944 qui
480 1859 628 1924 feruutur
657 1859 795 1924 admisit.
840 1860 909 1926 Nec
931 1860 966 1925 in
989 1883 1026 1927 eo
1054 1883 1120 1926 non
1144 1861 1224 1925 artis

91 1967 234 2050 quoddam
258 1966 405 2031 studium
433 1966 584 2051 cernitur,
612 1966 697 2052 quod
725 1967 844 2032 thesim
873 1968 974 2033 eidem
1002 1967 1223 2047 &venturarum

91 2095 150 2137 raro
171 2075 309 2158 longam
332 2072 466 2137 habent:
495 2073 668 2138 secundam
697 2074 827 2158 quidem
849 2097 879 2142 v.
898 2077 928 2140 3.
950 2076 992 2140 14
1016 2079 1049 2140 et
1072 2095 1145 2140 cum
1168 2097 1223 2140 no·

92 2180 172 2244 minis
193 2179 321 2264 proprii
345 2181 552 2246 excusatione
575 2202 604 2243 v.
628 2180 663 2244 9:
692 2180 832 2264 primam
855 2203 1014 2265 nusquam
1036 2180 1101 2246 nisi
1124 2182 1223 2246 semel

91 2291 201 2352 etcum
225 2287 388 2353 secundae
410 2287 621 2370 productione
645 2291 678 2352 et
701 2291 738 2352 ut
756 2285 884 2352 videtur
904 2309 978 2352 cum
996 2288 1079 2353 arsis
1097 2289 1223 2372 primae

93 2393 235 2461 solutione
265 2394 473 2461 coniunctam
501 2395 535 2458 in
562 2395 635 2477 ipso
663 2393 842 2458 dedicantis
875 2395 1004 2460 nomine
1032 2394 1223 2462 inevitabili.

93 2501 147 2566 Aut
173 2502 257 2566 enim
291 2500 513 2567 choriambum
547 2521 684 2584 aequare
711 2501 832 2583 Atfinio
859 2499 965 2566 forma
991 2501 1137 2585 putanda
1164 2507 1223 2586 est,

93 2611 138 2671 aut
157 2609 170 2671 i
188 2608 320 2674 litterae
349 2607 522 2692 synizesim
553 2606 709 2672 asciscere
738 2610 775 2672 ut
802 2608 836 2672 in
863 2609 981 2672 somnio
1008 2629 1037 2673 v.
1057 2608 1092 2687 2,
1123 2630 1221 2692 quau·

93 2714 194 2778 tunsis
220 2736 295 2780 eam
325 2714 366 2779 ab
394 2712 599 2799 antiquitatis
628 2714 778 2778 castitate
807 2713 955 2778 alienam.
1006 2713 1052 2778 At
1074 2712 1160 2778 enim
1184 2735 1222 2778 ex

95 2819 275 2905 elegantiore
300 2820 447 2905 profecto
471 2820 664 2905 antiquitate
687 2819 747 2884 hos
765 2819 943 2885 versiculos
962 2823 1107 2904 repetere
1126 2841 1221 2887 nemo

95 2923 172 2992 imile
194 2929 339 2994 animum
362 2927 536 2993 induxerit:
559 2931 629 2992 tam
650 2949 717 2993 non
739 2927 835 2992 modo
859 2927 925 2992 alia
947 2931 1143 3012 repugnant,
1166 2926 1222 2992 sed

96 3033 122 3094 iu
140 3035 211 3118 ipsis
235 3018 345 3102 verbis
364 3040 493 3120 praeter
521 3034 641 3100 mirum
667 3034 760 3098 illum
789 3034 923 3099 bimatus
949 3033 1037 3097 vocis
1067 3055 1161 3098 usum
1190 3038 1222 3098 et

97 3143 198 3207 mutio
219 3143 366 3208 nominis
389 3141 568 3208 novitatem
596 3141 753 3226 quaedam
782 3140 987 3207 construendi
1009 3140 1144 3207 durities
1167 3165 1222 3226 pa·

96 3269 153 3312 rum
172 3271 246 3314 saue
275 3249 327 3314 vel
351 3253 488 3314 venusta
516 3249 568 3314 vel
595 3249 728 3314 usitata.
774 3248 863 3325 Quae
885 3251 923 3313 ut
945 3245 1127 3312 distinctius
1150 3270 1221 3331 per-

97 3355 231 3438 spiciatur
261 3357 369 3442 qualis
398 3356 454 3439 sit,
485 3355 607 3421 nostris
635 3354 741 3420 verbis
770 3358 919 3421 enarratu
947 3353 1111 3439 poematio
1140 3375 1220 3438 opus

98 3465 146 3544 est,
166 3465 247 3549 quod
272 3463 400 3548 quidem
428 3463 475 3527 sic
502 3463 767 3547 interpretamur:
799 3461 880 3526 Mihi
903 3461 1024 3544 Atfinio
1046 3459 1221 3525 Fortunato

97 3567 167 3634 urae
191 3575 240 3636 est
266 3571 387 3637 sonmio
413 3571 510 3636 dicem
531 3569 625 3634 Inter
645 3574 738 3652 pater
766 3569 913 3651 tientes,
942 3567 1032 3633 Iouis
1053 3587 1069 3630 c
1089 3565 1221 3647 frumine

98 3679 181 3754 sura,
201 3677 283 3744 tucis
305 3677 385 3742 hane
405 3677 602 3741 motionem
621 3675 711 3758 yenio
733 3676 841 3740 ἅοηιιιε
864 3671 909 3761 (h.
929 3696 955 3739 e.
979 3673 1042 3738 sibi
1066 3678 1102 3738 ut
1124 3673 1220 3760 genio

99 3777 193 3847 domus
211 3779 366 3869 Alfiniae)
389 3783 575 3848 meandum
598 3803 678 3847 esse.
720 3781 831 3848 Votum
853 3778 899 3868 (h.
919 3804 945 3846 e.
968 3784 1079 3847 votam
1102 3779 1221 3866 basim)
1331 3847 1336 3852 ,

99 3885 270 3967 indicaui,
299 3889 354 3974 qui
378 3912 449 3954 sum
466 3889 641 3972 praefectus
663 3889 727 3972 qne
749 3889 867 3954 metria
912 3889 996 3954 Ades
1018 3908 1100 3972 cryc,
1123 3886 1221 3951 Liber

99 3995 183 4078 pater,
211 4015 279 4060 eum
302 3993 445 4072 Pontico,
477 4015 591 4060 numer
622 3993 728 4059 factus
757 3993 812 4059 hoc
839 4015 964 4060 munere
989 4000 1107 4078 nosue,
1137 3994 1221 4059 notis

101 4098 173 4182 meis,
194 4100 286 4166 simul
308 4101 420 4183 sospite
442 4105 540 4165 matre
566 4123 686 4166 eorum.
731 4101 848 4168 Facias
871 4123 922 4166 me
945 4102 1094 4166 reducem
1117 4101 1221 4166 uidere

101 4201 223 4289 Remum
254 4231 274 4272 a
300 4208 433 4272 minis
460 4229 584 4272 nemore
614 4211 647 4272 et
673 4207 785 4272 honere
813 4213 948 4273 mutum
976 4213 1220 4290 emonahrmque.

102 4303 193 4374 hhis
215 4335 306 4379 nemo
330 4335 393 4378 uon
419 4314 519 4380 sentit
541 4335 638 4399 quam
662 4336 777 4398 aspera
796 4315 863 4380 sint
885 4314 1145 4380 v.120missum
1164 4337 1220 4395 mc,

102 4435 124 4477 r.
140 4417 175 4482 10
195 4440 264 4486 cum
287 4419 431 4486 ablativo
451 4420 595 4487 iunctum
614 4442 737 4506 memor,
761 4444 788 4488 v.
806 4423 846 4488 13
866 4443 938 4487 cum
957 4421 1066 4489 dativo
1085 4421 1220 4492 dominis
