3048 5144
155 405 306 455 vocmas
329 407 536 456 canonican
561 411 606 456 aa
631 411 661 456 a.
681 409 804 458 nccrvs
829 411 1089 461 ermanricus.
1139 396 1201 460 143

81 547 165 630 ipsam
194 552 333 614 aeuum
365 555 482 638 totam,
514 553 605 618 cuius
635 553 725 618 fuere
753 553 866 620 Livius
892 553 1100 640 Naeviusque
1129 577 1201 620 curn

81 656 211 737 proximis
239 679 342 742 usque
370 659 412 726 ad
434 660 568 726 Accium
596 661 712 745 poetis.
757 661 855 726 Velut
885 683 1017 745 prorsus
1047 661 1202 748 ignorant

81 762 307 843 geminationem
326 763 512 850 Scipionum
535 765 624 831 tituli
648 767 688 832 ad
711 789 810 832 unum
832 790 943 834 omnes
962 767 1202 853 praestantissi-

81 889 205 954 mumque
227 871 266 936 de
290 870 508 938 Baoanalibus
537 879 780 940 monumentum
809 875 903 959 illud;
934 896 994 940 neo
1022 875 1127 960 magis
1150 875 1201 938 vel

80 973 262 1042 Pisaurenses
286 979 411 1064 lapides
433 985 554 1046 norunt
576 982 627 1046 vel
650 980 821 1049 Furimum
845 983 1028 1066 sepulcrum
1049 981 1201 1047 Tuscula·

79 1102 139 1145 rom
159 1083 204 1147 rel
227 1085 371 1150 laminae
400 1108 511 1152 aereae
539 1087 786 1172 antiquissimae
814 1088 865 1152 vel
893 1087 927 1152 in
954 1089 1042 1154 vasis
1073 1089 1201 1173 quibus-

79 1185 136 1251 dam
156 1193 186 1253 et
206 1189 329 1275 figlinis
350 1193 458 1276 pictae
482 1195 688 1280 epigraphes.
728 1193 775 1260 Vt
797 1193 944 1278 profecto
966 1217 1032 1261 non
1056 1199 1135 1280 agat
1156 1199 1203 1258 te·

79 1317 154 1380 mere,
174 1297 226 1381 qui
250 1297 375 1364 deiide
399 1299 657 1377 Quinctilianeae
683 1299 880 1366 narrationis
902 1301 1082 1384 paullulum
1105 1301 1202 1367 addu-

79 1401 161 1467 bitare
181 1406 326 1490 coeperit
349 1429 483 1493 eamque
501 1408 738 1474 dubitationem
761 1431 839 1474 num
859 1431 922 1493 quo
941 1409 1132 1476 documento
1149 1407 1201 1472 vel

78 1512 335 1594 argumentatione
359 1513 487 1579 firmare
509 1516 626 1600 possit,
650 1515 899 1600 circumspiciat.
940 1513 1032 1592 Quod
1054 1514 1200 1580 facienti-

78 1616 123 1680 bus
141 1617 275 1702 primum
300 1641 366 1686 non
388 1622 511 1705 poterit
532 1644 599 1688 nou
621 1623 739 1688 mirum
764 1622 907 1688 accidere
932 1623 1031 1708 quod,
1055 1622 1116 1687 etsi
1140 1622 1201 1687 Ac-

78 1723 143 1787 eiom
167 1726 198 1790 in
225 1747 264 1791 ea
294 1727 484 1811 quaestione
512 1728 569 1793 alii
597 1728 802 1814 grammatici
831 1728 910 1793 item
938 1733 1201 1815 commemorant,

77 1833 163 1896 tamen
183 1833 215 1897 id
238 1833 339 1919 longe
362 1835 429 1900 alia
451 1834 576 1900 ratione
603 1835 743 1901 faciunt:
775 1855 834 1900 neo
858 1835 944 1900 enim
975 1835 1020 1900 ad
1044 1833 1201 1900 Accium

77 1940 101 1999 et
118 1939 204 2024 ultra,
226 1943 263 2004 ut
288 1938 539 2025 Quinctilianus,
563 1962 632 2006 esse
656 1941 855 2026 geminatum
881 1942 1040 2024 scribunt,
1068 1941 1123 2005 sed
1147 1961 1200 2027 ge·

78 2045 210 2112 minatum
233 2047 280 2112 ab
304 2046 433 2114 Accio.
479 2047 533 2113 Sic
557 2049 641 2113 enim
659 2047 771 2114 Velius
795 2047 929 2134 Longus
952 2071 982 2133 p.
1002 2048 1102 2113 222οε
1125 2069 1201 2112 oum

76 2155 247 2218 mousom
270 2157 365 2220 secuti
386 2175 494 2222 uerrere
515 2175 633 2238 seraper
654 2155 774 2221 uocales
793 2157 1000 2240 punicantem
1022 2155 1201 2238 ubo'cumque

74 2261 230 2338 martur
246 2261 376 2346 syllaba,
393 2263 541 2344 quonium
558 2263 698 2344 expeditu
716 2262 798 2328 debet
815 2282 878 2328 esso
890 2263 1025 2328 condato
1042 2263 1200 2328 rotardi.

77 2363 128 2429 Nec
147 2368 248 2432 minus
274 2371 385 2452 aperte
408 2367 579 2434 Terentius
603 2367 743 2434 Scaurus
765 2392 795 2453 p.
816 2369 917 2436 2255:
941 2372 1083 2454 primum
1105 2371 1201 2454 obitur

73 2493 116 2550 prr
132 2476 325 2541 oaorem
343 2476 401 2540 illu
422 2477 569 2542 uideretur
590 2495 652 2542 esse
669 2477 792 2560 uitiosa,
814 2479 895 2558 qood
907 2477 1021 2542 Arctus
1036 2477 1201 2560 peruinotis

77 2580 207 2648 aaron
227 2583 324 2647 screbi
349 2587 466 2648 aarum
490 2584 597 2667 tenpus
620 2583 756 2666 &llutos
777 2584 888 2668 uoluit,
914 2605 984 2650 orem
1005 2585 1123 2666 alioqui
1145 2585 1201 2648 ud-

78 2687 133 2749 ieeto
148 2689 194 2754 uel
210 2691 332 2755 sublato
345 2691 431 2772 apice
445 2691 648 2774 turpitudinis
660 2695 689 2754 et
702 2690 862 2756 breuitatis
874 2697 949 2756 noto
957 2696 1059 2773 posset
1076 2691 1200 2757 ostendi.

77 2813 133 2858 oum
158 2797 332 2880 siuprrloros
357 2798 478 2863 uocales
507 2802 537 2862 et
556 2798 690 2880 produci
715 2801 744 2862 et
772 2799 886 2881 oom'prr'
914 2803 1044 2880 possunt
1072 2819 1099 2863 e.
1122 2819 1151 2882 q.
1176 2821 1201 2863 s.

77 2897 149 2966 lianc
173 2903 277 2988 igitur
309 2904 344 2970 in
372 2909 499 2989 partem
526 2904 593 2968 illis
621 2905 818 2970 testantibus
847 2905 1126 2990 operaepretium
1150 2909 1201 2969 est
1314 2983 1320 2990 ι

77 3009 241 3094 expendere,
276 3010 354 3095 quid
385 3010 519 3075 tandem
549 3009 672 3076 Marius
699 3011 888 3077 Victorinus
920 3011 1046 3096 prodat.
1101 3010 1200 3076 Cuius

77 3115 142 3194 opud
162 3115 353 3181 Putscbium
376 3141 408 3202 p.
426 3117 525 3195 2456,
548 3115 754 3182 Gaist'orrlum
778 3141 808 3202 p.
828 3117 847 3182 8
875 3118 974 3183 verba
996 3117 1083 3182 intra
1105 3119 1200 3202 posui

78 3219 162 3300 qualia
178 3221 211 3286 in
225 3221 376 3287 Parisino
399 3222 485 3288 libro
503 3222 666 3308 leguntur,
690 3244 794 3307 aquo
817 3243 883 3286 non
906 3221 1032 3286 differre
1056 3222 1199 3298 eiusdem

78 3327 172 3390 saecun
199 3326 434 3394 Valentiinum
465 3328 627 3395 Henricus
659 3329 786 3394 Keilius
822 3351 874 3393 me
906 3329 1077 3394 certiorem
1109 3329 1199 3410 fecit:

78 3431 166 3498 loeo
186 3457 352 3502 ueroeam
374 3437 515 3501 emperor
532 3435 667 3521 anguies
686 3436 822 3522 ungules
841 3435 1021 3520 imponebat.
1053 3437 1134 3501 ruem
1147 3457 1200 3500 roeo

78 3540 217 3608 elimam
243 3563 301 3608 aec
329 3565 350 3626 y
378 3545 413 3608 ta
441 3543 518 3609 lebro
540 3564 596 3609 suo
617 3544 735 3622 retulit,
763 3545 839 3625 quta
861 3564 940 3628 quoe
966 3548 1038 3608 aaa
1064 3543 1202 3624 fecerum

79 3643 194 3714 l'oerios
219 3656 251 3716 et
276 3651 403 3728 Ionius,
434 3671 503 3715 aem
536 3651 628 3734 lorrpo
659 3649 778 3732 syllaba
809 3651 968 3716 sumenda
1001 3653 1088 3726 esset,
1120 3651 1201 3714 duos

78 3757 172 3823 lomim
197 3759 367 3842 ponebant,
393 3763 613 3841 praeterquam
644 3778 722 3840 queue
752 3757 788 3822 ire
820 3757 830 3821 i
863 3758 984 3822 literam
1019 3757 1200 3833 innuerunt,

78 3857 138 3925 loro
159 3866 239 3929 euim
261 3887 322 3948 per
345 3887 361 3930 e
384 3871 412 3930 et
434 3865 444 3930 i
467 3864 644 3931 scribebant.
694 3863 761 3929 Vbi
788 3865 901 3948 unques
922 3865 1051 3946 oupuee's
1078 3862 1199 3928 editum

79 3966 265 4056 oPotschio‚
297 3976 331 4036 et
357 3973 430 4037 item
455 3994 515 4056 pro
543 3973 633 4036 ittera
686 3969 821 4035 Hisoine
850 3971 952 4056 igitur
981 3974 1051 4036 tam
1083 3969 1200 4035 misere

80 4079 217 4161 mnoeptis
248 4079 358 4144 verbis
394 4079 673 4163 corruptelamque
708 4099 801 4142 suam
836 4077 945 4161 palam
984 4077 1199 4142 clamantibus

80 4181 145 4246 endi
166 4187 311 4268 potuisse
333 4186 422 4252 Accii
444 4183 562 4250 Naevii
584 4183 668 4248 Livii
691 4204 895 4249 communem
917 4183 1103 4268 geminandi
1127 4205 1200 4248 eon·

81 4289 257 4356 suetudinem
279 4292 401 4358 fuisse?
439 4291 527 4369 Quae
551 4290 606 4376 qui
629 4289 739 4374 paullo
763 4289 869 4354 minus
889 4290 1107 4374 incogitanter
1128 4313 1199 4374 per-

81 4393 181 4482 legerit,
201 4399 299 4464 facile
322 4399 488 4484 intelleget
509 4396 600 4462 facili
618 4417 717 4480 opera
735 4396 782 4460 sic
796 4395 973 4461 emendari:
996 4396 1110 4461 Accius
1126 4417 1199 4462 uero

81 4517 132 4562 rure
154 4505 291 4570 scaberet
321 4504 471 4589 angulus,
499 4504 637 4590 aggulus
659 4504 800 4585 percebot.
845 4503 926 4568 idem
952 4523 1006 4568 neo
1032 4525 1049 4566 a
1077 4503 1199 4572 litorum
