3048 5144
307 363 369 428 126
401 348 410 358 ’
583 377 806 426 uonvuaurs
829 375 1061 424 sarcasmum
1086 375 1178 422 rum.

304 521 500 588 testimoniis
528 520 601 606 plus
629 542 726 605 quam
753 543 813 586 nos
841 519 916 584 fidei
943 516 1118 605 tribuant),
1146 518 1184 583 de
1208 515 1265 582 AF
1289 517 1457 602 praeposi-

304 629 404 714 tione,
427 628 467 692 de
489 624 696 694 POPLICVS
719 626 833 692 forme.

394 736 502 821 Atque
516 734 597 799 haec
614 733 663 798 ita
682 733 859 818 disputavi,
882 739 1050 818 tamquam
1070 733 1097 798 si
1117 732 1155 798 de
1174 737 1320 816 tempore
1340 731 1458 815 scripti

304 842 391 908 tituli
415 841 543 907 aliunde
566 863 631 907 non
655 833 835 908 constaret:
859 839 897 904 de
921 861 985 925 quo
1008 845 1077 905 tam
1096 839 1249 905 distincte
1267 843 1403 904 constat
1422 843 1458 902 ut

304 970 344 1014 ne
372 971 476 1014 annus
506 947 635 1033 quidem
662 950 775 1014 lateat.
820 947 896 1012 Feci
924 950 1033 1012 autem
1064 946 1145 1011 illud
1176 969 1214 1013 eo
1244 947 1385 1012 oonsilio
1414 949 1459 1027 ut,

305 1079 402 1141 quam
426 1078 491 1122 non
515 1061 602 1122 esset
624 1056 724 1121 fallax
747 1056 782 1120 in
804 1055 867 1120 hoc
890 1073 1008 1139 genere
1029 1053 1238 1140 epigraphieo
1257 1077 1277 1118 a
1296 1054 1458 1120 sermonis

306 1163 414 1229 indole
441 1164 588 1249 profecta
616 1163 836 1246 ratiocinatio,
862 1162 962 1226 immo
990 1183 1087 1245 quam
1116 1160 1245 1226 subtilis
1268 1161 1459 1246 indagatrix

306 1269 464 1355 veritatis,
487 1270 650 1338 luculento
674 1269 821 1354 exemplo
845 1267 1053 1333 manifestum
1079 1269 1178 1334 fieret.
1224 1267 1273 1333 Ao
1300 1267 1458 1332 ficticium

307 1399 378 1442 esse
403 1377 458 1460 qui
481 1377 571 1443 tituli
594 1377 755 1463 principio
778 1397 864 1440 nuno
887 1374 953 1440 fere
976 1398 1088 1442 versus
1111 1375 1335 1461 praemittitur

362 1517 440 1600 Μ’·
456 1517 730 1620 AQVILIVS
747 1550 754 1566 ·
770 1517 848 1601 Μ’·
865 1517 900 1600 F
917 1551 923 1564 ·
940 1515 1156 1601 GALLVS
1173 1515 1414 1600 ·'PROOOS

306 1659 468 1724 testantur
491 1679 562 1724 cum
588 1657 788 1723 Mommseno
813 1661 975 1742 quotquot
998 1631 1140 1739 lapidem
1159 1655 1271 1722 Pollae
1294 1655 1459 1722 viderunt.

268 1792 291 1831 ιι
307 1762 409 1839 Quem
433 1785 450 1828 e
471 1762 557 1830 Celsi
572 1763 731 1830 Oittadini
755 1764 881 1829 schedis
905 1763 1044 1848 petitum
1067 1763 1208 1848 primum
1227 1763 1331 1828 altera
1356 1763 1459 1828 editio

307 1868 460 1956 Corporis
484 1869 668 1937 Gruteriaui
693 1869 808 1958 adsuit
851 1868 965 1936 Celsus
988 1868 1072 1934 unde
1095 1869 1271 1954 habuisset,
1292 1891 1355 1936 nec
1380 1868 1459 1935 Hol-

307 1977 412 2042 stenio
434 1999 494 2043 nec
518 1979 589 2044 aliis
613 1981 827 2063 compertum:
857 1977 921 2042 nisi
944 1977 1030 2062 quod
1053 1998 1070 2041 e
1094 1974 1167 2041 sola
1189 1977 1380 2042 coniectura
1403 1999 1460 2042 na-

307 2087 377 2147 tum
392 2083 612 2151 Mommsenus
631 2083 780 2170 pervidit.
813 2083 990 2150 Auctorem
1013 2083 1135 2148 fraudis
1161 2105 1360 2169 quamquam
1384 2083 1460 2149 dolo

306 2190 393 2255 malo
416 2213 483 2257 non
506 2191 697 2256 commissae
720 2191 849 2276 repperi
864 2190 1090 2256 Pisaurensem
1112 2190 1279 2256 hominem
1302 2189 1459 2256 6611166-

307 2318 364 2383 ges
392 2298 431 2362 de
460 2298 564 2364 Gozze
589 2294 760 2384 nomen*):
792 2297 847 2382 qui
875 2296 998 2362 Romae
1026 2297 1159 2363 a.1637
1189 2297 1275 2362 edita
1304 2297 1460 2362 disserta·

307 2405 395 2469 tione
419 2402 623 2470 ‘lscrittione
653 2405 739 2471 della
762 2404 839 2470 basa
868 2404 952 2468 della
975 2401 1122 2470 Colonna
1149 2409 1291 2470 rostrata
1318 2405 1377 2490 gia
1407 2404 1459 2469 uel

307 2510 378 2576 foro
402 2509 550 2578 Romano
579 2512 726 2597 supplita
753 2510 793 2576 ed
816 2509 995 2576 illustrata'
1025 2511 1071 2576 sio
1098 2516 1135 2577 ut
1160 2510 1247 2576 infra
1274 2511 1393 2596 scripsi
1422 2513 1460 2577 de

307 2615 444 2684 Pellana
462 2618 671 2704 inscriptione
690 2622 926 2684 commentatur
943 2641 973 2702 p.
989 2618 1007 2682 ‘l
1032 2618 1309 2702 interpretationis
1332 2617 1459 2684 latinae

309 2745 391 2808 quae
422 2725 545 2791 inserta
576 2730 627 2791 est
655 2724 785 2791 Graevii
818 2723 1057 2809 Burmannique
1091 2723 1257 2791 Thesauro
1287 2725 1393 2811 antiq.
1427 2733 1459 2790 et

309 2830 386 2896 hist.
409 2830 483 2896 Ital.
506 2837 530 2896 t.
548 2831 595 2896 IX
623 2837 706 2917 part.
725 2831 819 2897 VIII:
852 2831 953 2896 ‘Idem
980 2834 1115 2897 cernitur
1141 2830 1299 2917 (loquitur
1326 2830 1368 2896 de
1393 2855 1458 2896 non

310 2937 483 3020 geminatis
512 2939 781 3025 consonantibus)
808 2938 941 3023 161116,
972 2959 1050 3022 6666
1076 2946 1117 3005 od
1147 2939 1228 3004 tunc
1253 2959 1349 3022 usque
1378 2941 1460 3004 diem

305 3045 422 3128 parieti
439 3045 580 3128 Hospitii
597 3047 748 3113 Pallensis
769 3046 911 3111 1661666
933 3051 1041 3128 666161,
1063 3047 1106 3111 661
1126 3067 1249 3111 amnem
1265 3046 1459 3130 Tasopeion,

309 3150 432 3234 6616616
454 3153 578 3216 nomine
600 3151 634 3218 Il
656 3154 758 3236 1116666
780 3154 904 3233 61161661,
927 3154 963 3218 16
985 3153 1137 3236 1666616,
1159 3153 1337 3219 Beniamin
1360 3153 1458 3234 hodie,

309 3257 353 3355 od
373 3258 535 3324 introitum
556 3259 637 3324 della
656 3260 743 3326 Valle
764 3261 798 3326 di
814 3259 934 3338 Dione,
957 3261 1012 3342 661
1034 3259 1141 3324 Plinio
1163 3265 1207 3326 cst
1231 3258 1369 3343 0666666
1386 3261 1458 3326 ,411-

309 3384 377 3448 666,
398 3367 546 3430 recensito
567 3365 716 3449 Appiano
737 3367 957 3433 116116661166
979 3368 1015 3432 16
1037 3366 1114 3432 latro
1136 3387 1192 3432 666
1213 3367 1250 3432 dc
1271 3367 1459 3434 Sacrosone-

311 3476 360 3536 166
383 3472 473 3536 Vrbis
494 3475 638 3537 vetustate
662 3474 805 3553 [61104.
852 3475 924 3539 inde
946 3495 1014 3539 eom
1035 3475 1194 3556 (1666616611
1215 3474 1317 3540 Anus
1338 3475 1459 3540 Mauo·

311 3579 373 3643 tius
394 3579 510 3662 6111666
531 3581 716 3666 recentiores,
738 3583 792 3647 scd
812 3586 952 3665 corrupte
974 3601 1090 3660 omnes,
1116 3601 1179 3646 666
1205 3582 1295 3646 irata
1321 3581 1357 3648 11
1378 3582 1462 3664 quod

311 3687 462 3764 semiton·
486 3706 523 3750 66
544 3686 633 3766 infra
653 3689 762 3771 scripti
784 3689 897 3755 1666616
919 3693 963 3755 est
983 3686 1144 3774 (sequitur
1162 3683 1337 3773 'inscriptio
1360 3689 1458 3774 longe

313 3792 523 3858 vitiosissime
545 3793 894 3880 neglegentissimeque
918 3792 1029 3881 edita).
1074 3795 1181 3860 Facile
1202 3799 1305 3860 661666
1326 3797 1458 3861 crodide-

311 3901 374 3965 rim
396 3905 550 3966 66616666
576 3899 670 3966 tirius
692 3900 910 3984 Insmptioms
938 3903 1036 3982 [61666
1062 3903 1234 3967 Marium
1261 3902 1458 3984 Aquilium·

313 4007 477 4088 Gallum,
499 4008 555 4091 661
576 4007 747 4074 Ρ66666661
768 4009 814 4074 661
832 4007 963 4074 Praetor
980 4008 1108 4075 Siciliae
1127 4009 1199 4093 fuit,
1221 4013 1352 4092 tempore
1372 4009 1459 4074 Belli

312 4113 452 4194 8666116,
483 4136 567 4181 6666
595 4115 634 4179 ol>
657 4113 734 4181 Vrbe
756 4115 889 4182 Condito
910 4115 1022 4182 DOLI
1027 4115 1061 4195 V,
1093 4137 1114 4179 6
1141 4115 1311 4182 0666616111
1338 4115 1459 4180 11611111

325 4339 329 4348 .
383 4308 409 4376 *)
429 4308 530 4378 [immo
549 4307 619 4362 haec
637 4308 706 4364 olim
724 4307 868 4378 praemitti
887 4308 972 4366 solita
990 4309 1076 4364 verna
1094 4325 1150 4364 non
1168 4308 1280 4364 aliunde
1294 4307 1348 4364 nisi
1363 4327 1379 4362 e
1393 4325 1456 4364 con·

312 4395 419 4452 iectura
441 4397 515 4452 Celsi
534 4397 671 4453 Cittadioi
689 4415 814 4454 manasse
838 4398 933 4454 docuit
955 4397 1125 4454 Bitschelius
1148 4415 1246 4454 comm.
1270 4399 1305 4452 de
1327 4398 1457 4454 columna

312 4487 434 4542 rostrata
451 4485 543 4557 priore
561 4485 645 4555 (inira
663 4504 689 4542 n.
704 4487 752 4554 Vi,
767 4489 793 4555 1)
811 4505 838 4556 p.
853 4492 870 4541 9
889 4487 951 4543 adn.
989 4488 1017 4543 G.
1033 4487 1091 4556 W.]
