3048 5140
269 393 278 411 '
323 423 443 472 rorare
466 421 665 471 sarvarmn
689 419 927 470 srrcmacrvn.
1131 399 1198 467 305

75 567 171 630 limas
193 568 266 630 ndn
292 566 388 652 quod
413 568 507 650 opus
531 568 603 649 est,
625 601 647 610 -
671 564 735 628 sed
758 562 857 648 quod
881 566 940 628 est
961 564 1127 628 necesse.

76 673 153 753 [Hoc
169 675 317 756 sempor
335 671 482 754 uilestz]
498 672 597 757 qudd
610 673 821 755 nou-dpus
836 674 906 753 est,
921 670 1006 734 sisse
1020 671 1198 734 cdrumst.

76 796 147 861 Idem
167 794 302 862 Catonis
325 801 534 881 praeceptum
553 795 764 863 Plutarchum
787 815 1038 860 commemorare
1057 794 1093 858 in
1110 793 1198 858 illius

76 904 130 966 vita
145 904 244 988 cept
262 907 341 968 extr.
364 903 430 968 iarn
449 904 491 969 ab
510 902 625 968 lahnio
646 903 834 967 adnotatum
855 905 918 966 est:
941 899 1027 965 dlwt
1045 903 1081 965 δὲ
1100 903 1199 981 μηδὲν

77 1008 179 1074 εὔωνον
200 1009 284 1074 εἶναι
311 1013 378 1075 τῶν
401 1013 568 1092 περιττῶν,
596 1007 667 1074 ἀλλ’
690 1007 730 1074 οὗ
752 1028 799 1072 τι(
821 1007 861 1073 οὐ
884 1011 998 1087 δεῖται,
1026 1007 1084 1072 κᾶν
1108 1006 1199 1072 tcto·

77 1115 131 1191 ρίου
151 1117 371 1198 πιπράεκηται,
394 1118 520 1181 πολλοῦ
543 1115 691 1195 νομίζειν.

614 1239 644 1306 9.

147 1346 194 1412 Ad
217 1345 370 1413 Gelliana
392 1347 579 1433 fragmenta
600 1346 820 1431 pervenimus,
852 1369 988 1431 quorum
1011 1345 1092 1411 illud
1115 1345 1201 1432 quod

79 1457 117 1516 est
136 1455 254 1520 ambitu
277 1455 457 1520 maximum
481 1454 521 1520 ad
545 1454 689 1519 ciusdem
713 1453 808 1518 metri
832 1453 919 1538 leges
940 1453 1075 1518 minima
1098 1457 1202 1519 muta·

78 1559 148 1624 lione
167 1567 336 1628 revocatur
358 1561 453 1648 (Hl):

151 1710 168 1734 ν
183 1703 198 1734 2
216 1710 235 1736 υ
252 1705 271 1736 -'
290 1709 374 1752 nam
399 1685 483 1752 uita
505 1686 700 1751 hu—mdna
722 1686 840 1770 prope
863 1685 920 1749 uti
943 1684 1136 1750 ferrumst.

148 1789 302 1857 Ferrum
325 1794 360 1858 si
381 1794 604 1876 exerce—ds,
627 1793 845 1859 conte'ritur
867 1797 950 1857 risu:

150 1895 186 1962 Si
206 1902 283 1964 non
307 1899 501 1982 exerceris,
524 1900 679 1963 ta—men
701 1897 839 1983 robigo
862 1897 1065 1963 interimit.

148 2003 240 2069 Item
262 2004 440 2068 hdmines
465 2003 677 2068 exercendo
700 2041 722 2049 -
745 2000 900 2068 conteri
920 2002 1106 2067 uidemus:

150 2107 185 2172 Si
207 2109 262 2176 nil
288 2111 481 2194 exerceas,
503 2109 677 2174 in-drtia
700 2111 742 2174 ao
764 2109 928 2194 torpe‘do

149 2213 234 2281 Plus
258 2214 490 2281 detrimenti
510 2213 637 2281 fa-cit
660 2203 779 2301 quam
794 2213 993 2281 e‘xercitio.

83 2335 133 2402 lbi
151 2343 184 2405 ut
203 2342 290 2406 inter
311 2342 402 2406 ursi
432 2341 574 2424 syllabas
602 2339 805 2405 intercidisse
832 2360 893 2405 uere
919 2339 1112 2405 vocabulum
1140 2361 1206 2406 ore·

84 2443 163 2528 datur,
182 2449 253 2530 ipsa
278 2447 327 2511 vis
357 2447 575 2532 oppositionis
605 2447 767 2531 requirere
796 2447 930 2511 videtur.
976 2445 1039 2510 Pro
1063 2447 1208 2528 interficit

85 2551 269 2618 substitutum
293 2554 445 2619 tatewit
472 2555 500 2618 si
528 2554 579 2618 cui
602 2553 816 2638 displicuerit,
845 2553 926 2619 illud
954 2574 1081 2618 servare
1104 2553 1233 2618 ascita·

85 2663 204 2725 evetere
226 2661 393 2726 latinitate
418 2665 483 2726 tam
505 2659 612 2728 forms
634 2663 767 2747 poterit:

153 2783 187 2849 Si
208 2788 285 2850 n6n
308 2786 504 2870 exerceas,
525 2789 604 2851 tam
627 2785 854 2851 in—te‘rficr't
875 2784 1025 2870 robigo.

86 2910 175 2971 verse
194 2912 334 2976 emensa
360 2931 419 2995 pro
441 2911 583 2976 reddemus
609 2912 725 2976 oontm'
752 2911 852 2975 etiam
875 2909 1079 2974 Fleckeiseno
1102 2913 1207 2974 trans·
1222 2935 1246 2974 ιν

87 3015 240 3091 ponendum
269 3016 346 3082 fnit:
377 3016 498 3097 ferrum
526 3017 629 3082 altero
657 3038 751 3083 versu
778 3016 975 3098 iterandum,
1007 3017 1206 3101 paenultimo

86 3123 154 3200 dore
176 3123 209 3187 in
234 3143 275 3189 cc
299 3123 490 3188 mutandum
519 3122 784 3188 cum'Boeclvhio
814 3127 884 3187 tum
913 3122 1131 3190 Fleckeiseno.
1177 3123 1207 3188 Α

87 3226 177 3305 qubus
198 3231 226 3294 si
247 3231 315 3296 see
328 3265 350 3276 —
363 3249 417 3295 seu
439 3230 618 3313 particulas
641 3230 762 3295 inlatas
785 3251 844 3314 pro
863 3230 891 3294 si
909 3231 978 3294 -εί
1001 3231 1207 3314 asciscamus,

87 3341 229 3400 evacuas
252 3357 332 3400 sane
355 3335 384 3401 si
406 3357 471 3421 qua
494 3335 544 3401 ert
565 3335 676 3402 hiatus
704 3336 739 3401 in
761 3337 791 3401 ai
812 3355 951 3401 macces
973 3335 1123 3420 offensio,
1152 3335 1208 3400 sed

87 3436 167 3502 multo
183 3440 311 3524 gravior
329 3465 349 3508 a
366 3442 619 3508 constructionis
639 3441 813 3508 insolentia
831 3445 999 3507 nascatur:
1022 3463 1099 3506 nam
1117 3439 1207 3524 illud,

88 3542 153 3624 quod
172 3546 298 3630 quidem
321 3548 476 3632 sciamus,
503 3550 570 3614 siue
598 3569 715 3614 exerces
740 3569 794 3614 seu
815 3567 878 3613 uon
901 3567 1016 3613 moces
1038 3547 1207 3612 dicendum

87 3643 177 3714 tuerat
202 3651 338 3718 Hiatum
355 3675 432 3719 num
453 3654 622 3720 admisisse
636 3652 796 3721 Catonem
812 3656 948 3738 credam,
967 3655 1094 3719 dubito:
1112 3675 1208 3738 quem

88 3753 175 3820 umen
194 3759 345 3843 quantilli
372 3765 424 3825 est
450 3761 575 3826 inserta
602 3767 636 3826 tu
664 3762 793 3846 syllaba
819 3762 934 3827 tollere
957 3760 1094 3826 Ferru‘m
1119 3762 1150 3826 εἰ
1175 3765 1209 3825 tu

88 3860 219 3928 odorae?
249 3863 347 3930 Mitto
370 3887 455 3930 nunc
473 3871 582 3932 cetera
600 3867 662 3932 viri
680 3865 955 3951 praestantissimi
974 3865 1122 3951 artificia,
1140 3865 1208 3949 qui·

88 3961 134 4028 bus
157 3973 187 4033 et
212 3969 368 4035 orationis
399 3972 591 4038 concinnam
619 3973 861 4057 simplicitatem
893 3993 965 4036 meo
995 3993 1091 4037 sensu
1120 3971 1209 4036 baud
1291 4009 1295 4020 ›

89 4073 175 4150 paulo
196 4076 400 4160 impeditiore
424 4078 666 4144 enuntiatorum
690 4078 947 4145 conformatione
966 4077 1153 4143 obscuravit
1176 4082 1209 4143 et

90 4173 352 4248 insolentissimam
371 4203 506 4250 wreus
524 4186 612 4250 vocis
633 4185 806 4271 synizesim
825 4207 940 4269 parum
959 4183 1097 4248 feliciter
1116 4205 1209 4249 excu-

90 4285 164 4350 avit
187 4287 256 4354 Hoc
272 4311 373 4354 uuum
392 4289 483 4376 addo,
496 4291 659 4377 integrum
679 4291 777 4357 etiam
795 4293 830 4356 in
848 4288 1006 4376 principio
1022 4288 1208 4357 Saturnium

91 4389 203 4476 prodire,
224 4395 252 4459 si
273 4395 358 4460 forte
380 4395 434 4461 hic
457 4419 584 4482 quoque
606 4398 708 4462 filium
732 4403 824 4482 pater
847 4397 1112 4482 compellaverat:

107 4507 185 4579 Nam
206 4517 285 4584 uita
306 4518 484 4605 bumana,
502 4520 664 4586 Marce—
678 4519 755 4604 fili,
773 4523 891 4605 prope
914 4521 971 4586 uti
994 4521 1187 4589 ferrumst

133 4635 166 4674 ra
179 4639 324 4678 neccaram
343 4643 474 4680 orvsovua
491 4641 529 4682 vv.
867 4671 871 4680 .
961 4629 996 4678 20
