2948 5048
231 304 273 369 26
590 321 804 367 amrnrmvu
828 320 1009 367 narnrcvu

232 464 394 549 Parergon
417 464 517 548 praef.
536 487 567 547 p.
582 482 668 528 xxxl
687 463 867 545 attulimus,
881 484 966 527 novo
980 462 1171 527 documento
1192 463 1387 528 confirman-

234 572 307 637 dam
332 571 492 655 imprimis
512 571 671 636 idoneum.
708 569 830 636 Contra
848 569 876 634 si
897 589 921 634 A
939 591 1065 655 quoque
1084 569 1164 635 illud
1183 569 1387 656 ambiguum,

232 701 297 743 non
317 679 423 744 minus
443 678 610 744 commode
630 679 793 763 cogitatur
807 677 845 743 de
864 695 1034 743 nolarum·
1050 695 1177 744 avnnsr.
1213 675 1320 761 Atqui
1338 679 1387 742 ita

232 809 298 851 non
321 785 417 851 modo
441 785 565 850 duobus
595 786 712 870 spatiis
740 784 868 849 brevius
899 784 1159 868 supplementum
1182 782 1292 868 prodit
1315 781 1386 869 (vel

234 892 313 957 adeo
336 892 455 976 tribus,
488 893 516 957 si
539 892 684 976 potuisse
713 909 815 958 avulsi
841 893 998 976 scriptum
1027 913 1097 956 esse
1119 889 1290 976 probabile
1315 890 1387 978 sit),

234 999 289 1063 sed
313 999 521 1090 quodetiam
550 999 736 1084 contiguam
765 999 910 1063 vocalem
940 1001 1082 1082 respuat.
1126 995 1220 1062 Vnde
1251 1019 1385 1062 rursum

233 1106 296 1170 hoc
319 1107 534 1190 consequitur,
558 1127 623 1170 non
646 1106 761 1190 quovis
783 1109 880 1189 pacto
904 1108 1010 1172 locum
1035 1127 1105 1171 esse
1129 1128 1171 1169 aa
1193 1107 1384 1188 pronomini

234 1236 254 1278 a
276 1211 491 1277 Mommsenio
516 1213 756 1295 commendato,
783 1213 838 1278 sed
866 1213 963 1277 certis
987 1211 1230 1278 condicionibus
1259 1212 1385 1297 requiri

237 1341 328 1390 niun
365 1318 402 1382 ld
422 1322 531 1383 autem
551 1318 656 1402 ipsum
676 1342 747 1384 cum
767 1342 841 1384 mox
864 1319 1060 1384 intellecturi
1079 1319 1179 1383 simus
1197 1340 1387 1383 mensnram

232 1424 478 1490 intervallorum
507 1425 658 1490 excedere
686 1449 706 1490 a
728 1426 942 1491 Mommsenio
971 1427 1171 1508 notatarum,
1204 1425 1237 1489 in
1265 1447 1388 1490 novam

234 1530 386 1595 inioimur
407 1532 492 1597 hanc
510 1532 754 1617 dubitationem,
779 1537 885 1599 utrum
905 1532 993 1596 illius
1014 1530 1077 1595 fide
1096 1530 1277 1595 notationis
1295 1536 1388 1614 post-

234 1637 349 1702 habita
372 1639 491 1722 solum,
514 1662 576 1724 quo
599 1641 661 1705 niti
685 1662 780 1723 posse
805 1640 866 1704 visi
890 1661 1014 1722 sumus,
1036 1635 1283 1701 fundamentum
1305 1638 1389 1702 mis·

235 1766 307 1808 sum
331 1744 497 1830 sociamur,
520 1768 562 1811 nn
581 1768 640 1830 pro
668 1769 754 1818 cina·
775 1769 794 1810 a
818 1744 978 1829 lapidario
1001 1742 1143 1828 positum
1163 1764 1233 1807 esse
1257 1765 1292 1815 o·
1318 1766 1388 1810 ore·

235 1851 358 1918 damus.
394 1850 469 1917 Non
493 1855 529 1915 ut
553 1852 651 1916 aliam
675 1851 851 1937 (quandam,
874 1851 906 1916 in
930 1872 1026 1935 quam
1046 1849 1117 1933 quis
1135 1849 1230 1913 facile
1249 1850 1389 1938 incidat,

236 1959 406 2042 supplendi
435 1959 521 2023 viam
547 1959 657 2024 statim
684 1960 724 2024 ab
753 1958 847 2024 initio
872 1958 1128 2043 praecludamus,
1156 1978 1273 2023 sr'nrsr
1287 1994 1293 2007 ·
1308 1981 1389 2026 can·

238 2088 343 2130 σιω
356 2103 361 2114 -
376 2084 455 2131 nssffl
487 2064 553 2151 (vel
581 2088 777 2131 nnnrvnam·
792 2063 884 2150 nnn)
913 2113 1076 2130 ......
1106 2082 1275 2129 nnuman
1307 2088 1388 2150 pro-

190 2197 225 2237 x1
236 2172 439 2237 habilitatem
472 2174 523 2237 vel
556 2177 728 2257 propterea
759 2195 825 2238 non
856 2172 970 2254 habet,
1004 2170 1089 2256 quod
1124 2170 1173 2235 vis
1202 2173 1389 2239 sententiae

236 2279 343 2364 poscit
366 2284 402 2343 ut
424 2279 569 2363 gravius,
592 2301 652 2344 nec
676 2279 863 2345 secundaria
886 2283 1014 2343 tantum
1038 2278 1277 2362 enuntiatione,
1301 2279 1389 2345 illud

237 2408 307 2452 sese
335 2408 448 2470 reapse
473 2391 655 2451 assecutum
684 2408 754 2451 esse
783 2386 866 2470 quod
895 2385 1089 2470 quaesierit,
1109 2389 1208 2469 poeta
1233 2384 1388 2452 declaret

235 2491 360 2558 Eodem
374 2495 483 2558 autem
502 2493 565 2558 hoc
587 2496 779 2578 argumento
803 2493 902 2558 etiam
925 2492 964 2556 de
992 2514 1058 2557 nir
1083 2493 1245 2577 praesenti
1275 2497 1388 2559 actum

236 2604 295 2685 est,
313 2623 373 2685 pro
388 2624 451 2686 quo
466 2601 633 2667 nervosius
653 2601 800 2685 profecto
815 2604 1039 2683 exspectamus
1052 2599 1227 2684 perfectum
1244 2599 1389 2686 aliquod.

236 2707 377 2773 Rursum
403 2707 435 2772 id
458 2708 566 2772 valere
588 2708 621 2771 in
646 2708 824 2772 contrarias
848 2711 958 2791 partes
981 2707 1101 2791 potuit,
1125 2709 1182 2771 aut
1203 2710 1241 2772 ut
1263 2707 1390 2792 largita

196 2812 214 2849 ’
237 2837 307 2879 esse
322 2815 486 2897 beneficia,
510 2818 566 2878 aut
584 2813 672 2879 mala
691 2817 726 2879 ut
745 2814 916 2878 sustulisse
936 2835 1022 2878 mors
1041 2814 1210 2879 diceretur.
1239 2813 1389 2889 Quorum

236 2921 299 2985 boc
320 2943 386 2985 non
409 2921 507 2987 mirer
531 2921 558 2984 si
580 2943 657 3004 prae
680 2921 738 2986 illo
761 2917 876 2986 iccirco
899 2921 1037 3005 placeat,
1060 2921 1145 3005 quod
1168 2920 1278 3005 paullo
1298 2944 1389 2987 com·

237 3026 363 3091 modius
387 3027 450 3091 dici
473 3027 642 3092 videantur
664 3034 788 3094 cunctae
811 3028 979 3094 molestiae
1006 3027 1303 3113 sollicitudinesque
1328 3051 1388 3094 an·

238 3134 314 3198 ferri
339 3156 436 3217 quam
459 3139 567 3199 cuncta
591 3135 714 3199 solacia
737 3139 770 3198 et
793 3134 970 3199 lenimenta
993 3133 1102 3198 tribui.
1134 3131 1203 3198 Nec
1225 3136 1312 3198 enim
1337 3135 1388 3201 in·

237 3244 311 3325 epte
339 3239 428 3304 velut
455 3241 490 3305 in
517 3241 601 3306 hanc
634 3242 772 3325 speciem
806 3241 960 3306 conicias:
998 3258 1388 3306 svnrsrwmnrrvrr·

237 3366 316 3413 nnn
344 3344 410 3434 (vel
437 3369 535 3419 orus·
551 3370 711 3413 nnnnsrr·
725 3367 802 3413 nssfll
831 3347 882 3412 vel
908 3368 1008 3418 ovas·
1023 3369 1144 3412 Mi'rsm
1157 3383 1163 3395 ·
1178 3345 1271 3434 nnn)
1300 3365 1389 3416 avo·

238 3471 740 3523 na·n10Rn·cvucru·1An·
762 3472 976 3519 enavimus:
1014 3453 1109 3519 modo
1142 3475 1183 3517 ne
1216 3474 1390 3537 pronomen

133 3634 138 3645 ⁴
240 3583 259 3624 a
287 3561 372 3625 bono
407 3564 438 3625 et
470 3562 601 3646 antiquo
634 3562 789 3646 scriptore
820 3561 911 3626 nullo
945 3561 1067 3625 dictum
1102 3560 1254 3645 sciamus,
1296 3561 1390 3627 alind

240 3669 349 3731 autem
382 3667 479 3731 simili
513 3666 694 3752 significatu
726 3688 844 3734 nomen
872 3667 907 3730 in
934 3687 1005 3731 uros
1031 3667 1240 3732 terminatum
1271 3665 1391 3751 lingua

239 3772 363 3838 nullum
386 3778 553 3857 praestare
576 3773 730 3838 videatur.
771 3771 857 3837 Nam
881 3774 946 3837 inm
969 3772 1163 3857 particulam
1191 3796 1211 3838 a
1231 3772 1291 3838 tali
1315 3773 1390 3857 qui·

240 3879 312 3944 dem
337 3882 499 3946 sententia
521 3905 586 3947 non
610 3882 713 3946 ausim
741 3880 880 3945 alienam
908 3902 945 3944 ae
973 3902 1013 3943 nc
1042 3878 1228 3963 languidam
1256 3880 1388 3964 quidem

241 3987 395 4052 iudicare:
418 3991 472 4053 der
487 3990 554 4054 Tou
574 3989 629 4053 bot
650 3989 731 4054 rnicb
752 3987 931 4052 siccamebr
953 4008 1012 4051 von
1029 3987 1111 4052 allon
1127 3987 1257 4067 sriibcrn
1270 3987 1388 4054 leidcn

242 4094 354 4173 bcfrcit.
396 4094 457 4160 Sed
480 4119 539 4180 pro
560 4118 729 4181 pavonina
756 4096 858 4160 donec
880 4094 1018 4178 probum
1041 4094 1234 4159 vocabulum
1257 4116 1274 4157 e
1298 4097 1389 4160 tene-

242 4207 310 4273 bris
334 4205 468 4288 erueriS,
484 4227 520 4269 a
543 4203 704 4268 contraria
730 4202 862 4268 notione
886 4200 1151 4283 proficiscendum
1174 4199 1243 4264 erit.
1285 4199 1389 4266 Cuius

243 4314 371 4399 generis
407 4313 459 4376 vix
496 4311 625 4376 brevius
664 4309 797 4375 verbum
831 4313 937 4373 exstat
979 4330 1074 4401 quarn
1116 4307 1166 4372 vel
1199 4328 1295 4371 nrm
1334 4309 1389 4373 vel

243 4423 317 4507 ipsa
344 4419 552 4504 simplicitate
582 4418 690 4502 aptius
713 4439 820 4482 nrnrr.
865 4414 1007 4502 Rursum
1035 4414 1110 4479 huic
1140 4414 1232 4479 locus
1264 4416 1323 4479 ant
1353 4415 1391 4481 in
