3048 5144
451 419 640 468 1111111111
665 419 914 467 roeinnrnuvn.
1136 377 1150 392 ⁸
1198 399 1261 466 125

93 569 164 628 tum
191 561 309 629 Stichi
340 585 369 626 v.
388 563 453 627 614
480 567 626 654 praestet
653 566 686 626 et
706 562 865 645 aeplicius
892 581 983 644 apr.
1010 581 1051 624 m.
1080 557 1262 644 (pothlioitts

94 669 172 754 sec.)
200 669 460 754 Amphitruonis
486 671 557 753 162,
582 674 694 734 tamen
717 669 752 732 in
776 668 910 733 eandem
934 671 1060 751 partem
1082 687 1149 732 non
1172 666 1261 730 dubi·

92 777 185 842 tabis
214 776 364 842 eiusdem
389 777 579 842 memoriam
601 776 810 860 interpretari
833 773 935 839 Stichi
958 775 1022 838 491
1042 773 1165 856 palliae,
1189 772 1259 836 Tri·
1276 787 1301 826 1⁰

94 884 231 948 nummi
261 884 359 948 1044.
386 881 471 948 1045
493 883 647 965 pullicum
669 883 791 964 pudltee,
824 881 1014 947 Truculenti
1035 879 1060 963 Ι,
1084 880 1114 963 2,
1136 881 1188 943 41.
1216 879 1259 942 49

90 991 270 1072 palliarem,
301 991 346 1054 44
363 991 552 1073 pellicanus:
581 1013 644 1074 qua
667 1012 769 1074 prava
798 987 965 1073 archetypi
993 987 1132 1053 lectione
1162 987 1261 1051 libra·

94 1099 164 1162 rius
191 1098 301 1182 plane
325 1098 507 1162 assuevisse
530 1097 563 1160 in
586 1097 739 1161 extremis
762 1095 883 1161 fabulis
900 1094 1036 1159 videtur.
1067 1092 1203 1159 Nullum
1223 1115 1261 1157 ex

94 1205 170 1286 ipso
181 1203 413 1270 Ambrosiano
428 1203 611 1288 exemplum
625 1203 772 1268 memini:
795 1203 895 1267 immo
911 1198 1134 1267 PUBLIOUM
1153 1201 1261 1284 legere

95 1313 191 1376 risus
229 1333 307 1376 sum
339 1311 456 1376 Persae
478 1310 541 1395 ΙΙΙ,
564 1311 595 1394 3,
618 1311 648 1395 3,
680 1310 838 1376 Rudentis
870 1311 1004 1394 1512,
1036 1305 1260 1374 PUBLICAM
1303 1387 1307 1394 ,

95 1417 304 1482 truculenti
326 1417 355 1500 1,
369 1419 400 1502 2,
415 1418 471 1483 39:
494 1420 531 1483 ut
554 1422 605 1482 est
626 1417 682 1482 ille
705 1417 739 1481 in
761 1417 824 1482 hoc
847 1437 964 1502 genere
983 1417 1134 1483 universo
1153 1415 1260 1480 minus

94 1531 204 1590 tenax
230 1524 441 1609 antiquitatis
469 1546 564 1609 quam
588 1527 645 1588 aut
667 1523 808 1589 Palatini
838 1524 914 1589 libri
938 1527 995 1588 aut
1016 1521 1119 1588 Vetus
1144 1523 1260 1587 saltem

97 1631 303 1698 Camerarii.
348 1631 418 1696 Nec
440 1629 473 1695 in
497 1630 652 1697 Terentio
676 1631 726 1696 vel
750 1631 849 1695 ceteri
879 1629 930 1695 vel
953 1628 1130 1694 Bembinus
1154 1629 1260 1694 durio-

96 1763 169 1804 rem
199 1740 352 1804 litteram
376 1743 561 1804 scrvarunt:
584 1759 648 1822 quo
672 1738 778 1803 minus
802 1737 961 1801 mirabere
981 1737 1015 1800 in
1033 1736 1132 1802 Ennii
1151 1736 1262 1801 Plauti

99 1843 247 1912 Caecilii
282 1846 426 1912 versibus
454 1844 578 1910 codices
607 1842 774 1908 Gellianus
798 1842 889 1927 XVI,
910 1846 937 1926 1,
975 1843 1144 1910 Tullianos
1167 1845 1262 1929 epist.

98 1955 140 2018 ad
161 1951 385 2037 fam.v11‚6,
407 1951 575 2018 Nonianos
599 1973 629 2036 p.
649 1949 714 2015 513
738 1950 927 2015 obscurasse
951 1972 1072 2015 omnes.
1102 1951 1148 2015 Et
1159 1951 1262 2034 quedli-

98 2083 155 2127 eus
181 2059 323 2145 quidem
344 2081 403 2143 pro
421 2060 567 2141 puplebus
594 2059 791 2124 substituere
818 2057 933 2142 quovis
948 2058 1084 2122 'saeculo
1108 2063 1262 2124 constans

100 2167 321 2252 posteritatis
344 2167 540 2231 consuetudo
567 2167 689 2250 potuit:
711 2165 858 2250 1111110111
882 2186 942 2248 pro
964 2165 1106 2247 popletus
1133 2169 1261 2230 tantum

101 2275 292 2359 septimum
316 2273 488 2338 saeculum.
528 2271 621 2337 Vnde
646 2271 825 2337 existimari
847 2275 965 2355 potest,
996 2294 1092 2356 quam
1116 2272 1183 2338 late
1206 2297 1261 2358 pa-

101 2387 238 2446 tentem
270 2380 447 2464 scripturae
475 2379 736 2445 immutationem
764 2380 828 2443 iam
859 2378 917 2443 illa
944 2381 1050 2444 aetate
1078 2378 1262 2445 fabularum

102 2487 341 2552 Plautinarum
365 2488 490 2553 codices
515 2483 719 2572 subierint.*)

200 2593 322 2658 Restat
358 2594 572 2659 certissimum
611 2594 772 2677 omnium,
814 2615 879 2658 non
916 2593 1152 2678 geminatarum
1188 2616 1261 2659 eon-

104 2702 303 2767 sonantium
341 2703 536 2784 constantia,
582 2722 680 2784 quam
718 2698 995 2765 TABELARIVS
1037 2691 1157 2765 SVMA
1190 2701 1262 2766 RE·

106 2805 332 2883 DIDEIQVE
365 2807 522 2873 vocabula
555 2808 742 2873 ostendunt:
779 2805 906 2891 quando
939 2807 1135 2890 simplicium
1167 2832 1261 2873 usum

105 2937 217 2998 nuper
252 2915 431 2980 monstravi
463 2916 548 2980 circa
578 2937 699 2979 annum
731 2914 796 2979 640
827 2936 959 2998 prorsus
992 2915 1133 2982 desiisse.
1186 2915 1261 2980 Non

107 3023 221 3085 minus
242 3025 351 3086 autem
373 3022 468 3087 certis
492 3019 692 3106 argumentis
716 3021 757 3085 ab
781 3019 885 3086 altera
911 3025 1004 3104 parte
1027 3021 1160 3088 definire
1183 3027 1262 3089 tenr-

109 3129 203 3211 poris
229 3129 400 3193 articulum
423 3129 514 3193 licet:
543 3151 619 3192 nam
642 3149 701 3192 nec
724 3129 909 3215 suppressio
932 3127 965 3191 M
994 3128 1122 3194 litterae
1145 3131 1262 3215 finalis,

110 3257 213 3318 quam
237 3255 446 3319 magnacum
465 3233 638 3320 diligentia
661 3233 803 3299 additam
822 3235 922 3301 habes
941 3235 976 3300 iu
992 3234 1127 3301 Pollano
1146 3237 1262 3322 lapide,

111 3341 203 3404 ultra
227 3363 347 3405 annum
370 3343 497 3407 circiter
521 3343 587 3407 620
614 3346 651 3406 ut
679 3342 760 3407 alibi
783 3343 877 3408 docui
904 3341 1046 3427 duravit,
1075 3367 1134 3409 nec
1162 3345 1261 3430 gemi-

112 3449 187 3511 nari
211 3447 409 3534 recaleant
432 3451 465 3514 in
489 3445 754 3534 PAASTORES,
778 3455 852 3515 ante
871 3450 958 3515 idem
979 3455 1107 3535 tempus
1127 3456 1261 3536 coeptae

114 3557 206 3636 sunt,
241 3554 272 3618 id
300 3555 382 3640 quod
411 3579 469 3622 suo
496 3556 568 3622 loco
597 3577 772 3641 persequar
803 3557 999 3644 uberius.**)
1043 3558 1156 3643 Itaque
1189 3582 1259 3624 curn

113 3683 278 3726 annorum
298 3661 494 3729 62011640
516 3665 634 3728 finibus
658 3669 749 3729 aetas
767 3664 856 3729 tituli
869 3663 997 3730 Pollani
1020 3666 1262 3751 circumscripta

115 3769 173 3850 111,
196 3772 308 3834 tamen
330 3773 367 3834 ut
389 3770 485 3855 longe
507 3770 668 3856 longeque
691 3793 762 3836 eum
782 3771 915 3855 propius
934 3770 975 3835 ad
994 3770 1087 3835 illum
1105 3795 1202 3857 quam
1221 3775 1260 3838 ad

114 3875 202 3940 hunc
233 3877 403 3942 terminum
436 3876 678 3958 admoveamus,
711 3882 762 3943 sat
789 3879 932 3964 graviter
959 3899 997 3942 ea
1020 3879 1156 3943 suadent
1179 3902 1261 3964 quae

117 4005 217 4066 supra
240 3983 399 4067 explicata
422 3990 498 4050 sunt
525 3985 564 4050 de
592 3985 724 4050 sociatis
747 3983 806 4050 OV
830 3985 963 4068 litteris,
994 3984 1033 4048 de
1056 3983 1260 4051 POSEIVEI

116 4089 262 4173 perfecto
285 4091 490 4175 (praesertim
519 4093 545 4157 si
575 4093 630 4177 qui
654 4093 720 4157 sint
748 4093 803 4176 qui
825 4092 1092 4158 Terentianorum
1116 4092 1260 4157 codicum

118 4252 330 4261 ———--.-—--

206 4353 231 4424 *)
251 4353 395 4427 [Conferte
418 4373 489 4426 quae
513 4356 547 4411 de
570 4358 616 4411 his
643 4355 741 4411 formis
760 4355 889 4426 exposuit
911 4356 1081 4412 Ritschelius
1107 4357 1153 4414 ‘de
1176 4360 1260 4415 titulo

116 4443 278 4500 Aletrinati’
298 4463 326 4514 p.
341 4443 406 4500 XIV
424 4445 506 4516 (111111
526 4449 586 4514 111)
604 4446 668 4501 adn.
706 4443 735 4500 0.
749 4445 808 4517 W.]

187 4535 229 4602 **)
250 4533 295 4604 [ld
313 4537 357 4589 est
374 4533 447 4590 infra
464 4536 555 4604 capite
574 4535 658 4591 tertio
676 4553 703 4604 p.
725 4541 774 4588 142
794 4553 853 4606 sqq.
891 4537 919 4592 0.
937 4537 993 4608 W.]
