3048 5144
441 406 591 453 rirvnvs
615 405 817 452 1111111111.
1136 387 1199 452 165

87 571 136 612 nou
168 550 231 613 sine
272 551 375 634 aliqua
411 549 555 631 ratione,
596 549 651 614 sed
692 552 800 613 tamen
842 549 985 631 ipsorum
1029 551 1197 631 poetarum

86 677 191 719 nauum
235 679 433 742 nequaquam
478 657 713 742 redintegrent,
759 678 868 720 rerum
912 655 1196 740 grammaticorum

85 761 261 844 disciplinam
293 766 466 848 sequautur
497 762 619 827 liberae
656 763 702 825 rei
734 762 885 845 publicae
916 760 1117 844 temporibus
1150 782 1197 824 re·

84 869 241 933 cautiorem.

149 973 208 1038 Sed
234 997 292 1040 neo
316 977 351 1041 in
378 976 430 1040 his
459 997 544 1040 nunc
571 976 691 1040 morari
722 975 848 1041 animus
879 983 928 1040 eet
950 997 1009 1040 nec
1031 975 1065 1038 in
1089 995 1196 1037 rerum

83 1081 282 1164 explanatione
302 1083 437 1166 versari,
460 1082 669 1166 quantumvis
692 1083 871 1148 notabilem
895 1104 964 1147 esse
988 1101 1139 1146 censurae
1163 1080 1197 1144 in

83 1189 285 1253 Aletrinatium
306 1190 481 1274 municipio
505 1189 695 1254 memoriam
718 1189 827 1254 seiam.
865 1187 986 1254 Verum
1006 1186 1091 1272 quod
1110 1186 1196 1251 iden·

83 1295 161 1360 tidem
178 1299 337 1380 tamquam
356 1297 557 1380 praeteriens
577 1294 690 1380 dixi*),
707 1317 772 1360 non
791 1296 969 1380 posteriore
989 1296 1097 1379 aliquo
1116 1299 1195 1358 tem·

81 1423 140 1484 pore
165 1403 290 1487 septimi
316 1403 437 1468 saeculi
470 1402 578 1487 potius
609 1423 704 1486 quem
734 1403 818 1466 circa
845 1403 952 1486 ipsum
982 1423 1102 1466 anuum
1130 1401 1196 1465 620

82 1509 210 1592 scriptum
233 1531 300 1572 esse
323 1507 464 1592 titulum,
488 1509 520 1572 id
541 1508 652 1573 videor
675 1511 743 1573 tem
767 1508 930 1593 probabili
948 1508 1195 1574 ratiocinatione

81 1615 244 1696 persuadere
272 1636 380 1699 posse,
409 1619 446 1679 ut
472 1614 535 1680 hoc
561 1615 651 1679 uelut
677 1615 849 1680 corollario
878 1615 1027 1698 supplere
1054 1635 1193 1698 nuperos

81 1721 289 1804 disputationes
320 1722 555 1788 constituerim.
600 1721 645 1786 Et
677 1744 697 1786 a
731 1721 895 1804 superiore
927 1722 1056 1806 quidem
1088 1723 1194 1786 aetate

83 1835 188 1912 separat
208 1851 281 1894 eum
302 1829 463 1894 vocalium
491 1829 524 1892 in
548 1827 728 1893 VAARVS
756 1833 789 1893 et
818 1828 983 1894 SEEDES
1008 1828 1194 1912 geminatio,

80 1935 148 1999 erius
177 1937 297 2001 nullum
331 1939 407 2001 ante
440 1958 559 2000 annum
593 1935 659 2000 620
691 1938 873 2020 exemplum
905 1939 1025 2000 exstat:
1063 1934 1104 1998 ab
1137 1933 1193 1998 ali-

81 2047 176 2124 quanto
204 2043 379 2127 posteriore
408 2064 481 2107 oum
511 2041 576 2106 alie
604 2042 709 2106 multa
731 2063 814 2126 quae
837 2041 987 2125 deinceps
1011 2063 1194 2126 persequar,

80 2153 131 2212 tun
146 2173 205 2214 non
223 2152 462 2235 geminatamm
481 2172 558 2214 usus
578 2150 833 2233 consonantium,
856 2149 943 2233 quod
962 2170 1063 2234 genus
1082 2149 1192 2232 peullo

80 2255 154 2320 etiarn
182 2257 329 2321 subtilius
354 2279 451 2339 quam
475 2255 579 2320 adbuc
602 2255 664 2320 leci
687 2255 820 2320 definire
844 2254 928 2320 licet.
973 2254 1103 2320 Etenim
1125 2276 1192 2320 nou

81 2365 115 2425 cst
130 2364 325 2448 geminatum,
350 2363 378 2427 si
403 2362 443 2426 ab
463 2383 527 2426 uno
548 2383 648 2444 eoque
668 2363 826 2446 singulari
845 2362 992 2445 exemplo
1012 2363 1193 2444 recesseris,

81 2473 134 2531 ante
152 2469 303 2554 Ennium3
327 2468 509 2553 promiscue
533 2469 584 2532 vel
608 2469 808 2553 geminatum
832 2468 883 2532 vel
904 2489 970 2532 non
994 2469 1192 2552 geminatum

79 2572 132 2637 inde
155 2576 192 2639 ab
222 2598 309 2642 anno
337 2575 466 2640 circiter
492 2576 559 2641 580
581 2575 612 2640 h.
636 2597 662 2640 e.
685 2575 795 2658 paullo
825 2579 900 2640 aute
928 2580 1065 2640 mortem
1093 2575 1192 2640 Ennii

80 2681 233 2760 1111585
256 2681 376 2748 obiisse
400 2681 605 2765 perhibetur,
629 2680 757 2764 saepius
782 2681 982 2763 geminatum
1007 2703 1103 2765 quam
1126 2703 1192 2745 non

80 2821 258 2836 ⁴¹-——-

143 2910 165 2976 *l
177 2909 226 2980 [cf.
241 2928 327 2980 supra
341 2929 368 2980 p.
381 2916 438 2965 132.
451 2915 510 2964 133.
526 2909 614 2963 Musei
624 2909 712 2964 Rben.
726 2912 747 2965 t.
758 2909 821 2964 XIV
832 2909 916 2975 (inira
930 2929 956 2965 n.
966 2909 1040 2970 xlvi
1050 2930 1076 2980 p.
1088 2919 1137 2966 381
1151 2931 1190 2980 sq.

79 2997 99 3046 el
108 2995 130 3050 P.
141 2997 167 3050 L.
180 2999 213 3054 ll.
229 2999 259 3052 E.
277 2995 373 3074 puarr.
388 3017 415 3069 p.
426 3005 461 3052 lc
475 3017 525 3066 eq,
539 2997 588 3052 ubi
602 2999 672 3052 haec
685 2998 798 3069 scripsit
807 2999 989 3054 Ritsobelius:
1011 3000 1103 3064 ‘Quod
1119 3001 1192 3056 circu

79 3094 225 3156 monneto,
244 3089 296 3144 sed
314 3090 409 3142 tamen
428 3089 491 3156 poet
509 3087 615 3142 sectum
634 3087 758 3156 (titulum
780 3088 974 3156 Aletrinatem)
998 3088 1063 3158 dixi,
1081 3091 1111 3144 id
1129 3109 1191 3161 gra-

79 3171 243 3232 recimerem
263 3179 430 3246 argumento
449 3175 660 3244 infringeretur,
684 3177 708 3230 ei
726 3194 822 3231 verum
842 3179 915 3231 esset
933 3179 1008 3247 quod
1026 3179 1191 3235 Garruociue

79 3261 198 3320 1111111111
214 3267 242 3322 iu
262 3265 453 3323 cBullettinou
471 3265 550 3319 llom.
566 3283 590 3320 a.
612 3273 680 3320 1859
695 3284 722 3335 p.
738 3273 780 3333 m,
800 3265 973 3334 longiuscula
986 3253 1003 3317 Ῑ
1018 3268 1112 3324 littera
1126 3269 1191 3324 OM-

79 3348 119 3404 lie
130 3357 288 3412 vocabulum
306 3374 387 3410 versu
406 3363 421 3409 5
441 3355 576 3424 scriptum
596 3351 670 3411 esee]
684 3356 764 3422 Quod
783 3373 832 3410 cur
845 3356 886 3410 ita
901 3373 958 3411 esee
973 3375 1028 3412 nou
1042 3357 1190 3426 crederem,

79 3442 184 3509 explicari
196 3445 287 3500 Musei
305 3445 393 3500 Rben.
412 3447 432 3499 t
452 3444 516 3499 xlv
535 3463 561 3513 p.
582 3449 643 3499 381.
670 3445 772 3500 Verum
794 3462 827 3500 er
846 3463 879 3500 eo
894 3447 988 3500 temen
1001 3449 1127 3515 tempore
1141 3447 1190 3502 ali-

79 3529 125 3594 quid
141 3533 202 3589 mihi
215 3534 342 3604 scrupuli
359 3537 470 3604 praeter
490 3533 728 3603 exspectationem
743 3535 783 3588 lo.
798 3533 927 3603 Baptista
941 3534 975 3589 de
990 3535 1070 3590 Roeei
1085 3533 1190 3601 iniecit,

80 3619 174 3684 11111111
185 3623 213 3678 111
226 3623 330 3680 itinere
344 3623 479 3678 Rbeuano
494 3625 619 3678 Bonnam
634 3641 723 3694 nuper
732 3624 868 3692 visitaret,
883 3625 999 3680 comiter
1014 3628 1046 3679 ut
1059 3625 1131 3679 solet
1145 3643 1190 3679 me

78 3705 190 3765 1111111111
204 3731 264 3768 non
282 3712 371 3768 videri
394 3713 509 3767 titulum
532 3713 613 3768 illum
637 3714 690 3768 nisi
710 3715 863 3784 posteriore
886 3717 1011 3784 tempore
1031 3715 1125 3784 aliquo
1149 3715 1189 3768 in-

79 3799 198 3856 umam
211 3819 288 3857 nunc
301 3801 407 3856 haberi.
431 3801 563 3857 Caicum
582 3820 636 3873 ego
653 3804 810 3858 litterarum
829 3805 932 3860 formas
952 3803 1141 3874 opposuissem
1160 3803 1189 3856 in

79 3884 202 3954 ntqnora
222 3893 355 3960 tempora
373 3891 478 3945 saeculi
496 3889 549 3944 Vll
568 3892 762 3948 convenientes
780 3895 813 3947 ut
832 3894 906 3962 quod
925 3893 1057 3959 maxime,
1080 3891 1128 3945 ille
1146 3894 1187 3946 ta·

78 3985 122 4026 111
135 3975 186 4046 ipso
203 3979 333 4048 inspecto
351 3977 445 4049 lapide
461 3995 530 4048 opus
550 3996 618 4048 esse,
637 3983 669 4035 ut
682 3983 759 4036 aetas
773 3981 926 4050 scripturae
940 3985 1015 4037 reete
1030 3981 1188 4036 aestimare·

79 4061 115 4126 ils,
125 4067 262 4135 respondit
283 4067 383 4136 ltaque
397 4069 429 4121 nt
442 4083 569 4122 causeam
584 4083 643 4123 esee
659 4069 849 4139 ampliandam
863 4069 976 4140 largiar,
990 4073 1085 4126 tamen
1098 4069 1189 4124 fateor

80 4149 139 4206 111111
154 4155 209 4223 plue
222 4155 363 4210 Rosciano
381 4155 485 4215 iudicio
508 4174 553 4210 me
571 4156 741 4212 tributurum
765 4159 858 4228 fuisse,
881 4159 936 4213 uisi
958 4159 1042 4214 simul
1059 4158 1188 4212 Mummi-

81 4253 138 4293 11111
158 4261 260 4314 qnoque
284 4244 402 4300 titulum
424 4245 539 4300 tabulae
563 4246 712 4316 superioris
736 4247 790 4302 eibi
814 4247 901 4303 rideri
924 4248 1085 4303 restitutum
1105 4248 1187 4318 sigui·

80 4323 169 4386 lasset:
186 4335 261 4389 cuius
280 4333 417 4403 priscam,
436 4351 519 4402 quam
538 4335 598 4404 ipae
617 4337 774 4406 profitetur,
798 4339 920 4392 aetatem
944 4353 1006 4392 meo
1021 4353 1103 4392 senen
1122 4338 1189 4391 satis

81 4413 129 4470 citra
142 4419 337 4478 dubitationem
355 4425 499 4490 tamquam
518 4425 594 4495 rigor
608 4425 723 4493 quidam
737 4427 886 4481 vetustatis
900 4427 980 4496 ponit
994 4425 1022 4480 111
1036 4426 1187 4498 figurandis

81 4499 153 4562 litteris
168 4512 351 4584 conspicuus?
391 4511 420 4566 O.
439 4512 495 4584 W]
