3048 5144
319 390 382 454 180
577 409 815 456 'nouvnnurs
839 407 1074 456 urronarruca
1098 409 1188 455 rma.

315 547 406 630 illud,
425 547 510 630 quod
533 571 591 613 suo
615 549 685 614 loco
709 573 776 615 non
799 552 1003 634 praetermisi
1027 551 1126 632 [Mon.
1150 547 1201 633 cp’.
1222 555 1262 613 tr.
1284 569 1322 630 p.
1340 547 1393 611 29.
1417 547 1458 609 35

315 652 403 736 (152.
420 651 521 739 160)]‚
544 677 581 718 ac
604 654 743 721 fortasse
767 659 864 721 etiam
885 655 1083 722 COIIVVOI
1109 657 1263 740 scriptum
1289 675 1387 739 aegre
1410 675 1457 718 ex·

314 757 472 846 pedias*),
496 766 529 825 et
553 754 639 825 SIBI
664 767 828 827 exaratum
850 785 915 828 non
939 763 1046 848 possis
1070 785 1135 828 nou
1159 762 1250 827 valde
1274 758 1437 825 demirari.

403 866 477 933 Non
510 867 575 933 alia
607 873 704 954 atque
732 868 863 934 VIVOS
892 869 1035 934 VIVOM
1065 869 1260 945 formarum,
1293 867 1378 932 ratio
1411 869 1457 929 est

313 975 494 1039 verborum
513 973 680 1041 VIVONT
704 974 993 1042 CONFLOVONT
1011 977 1066 1041 'vel
1091 973 1372 1056 ΟΟΝΕῚΝΟΝΤ,
1400 995 1456 1055 pro

313 1082 428 1164 quibus
453 1087 528 1147 ante
553 1083 715 1147 saeculum
743 1086 893 1148 octavum
922 1083 1083 1148 exitumve
1107 1083 1237 1166 septimi
1260 1103 1301 1146 ne
1323 1083 1456 1165 potuere

314 1188 443 1273 quidem
471 1188 642 1254 VIVVNT
670 1187 934 1256 CONFLVVNT
963 1190 1070 1256 scribi.
1116 1188 1237 1254 Contra
1259 1210 1327 1253 non
1351 1189 1456 1252 minus

312 1294 363 1357 vel
396 1294 532 1358 rationis
557 1296 607 1360 vel
639 1297 794 1380 temporis
826 1298 1049 1381 intervallum,
1082 1319 1178 1380 quam
1210 1297 1297 1360 inter
1324 1292 1456 1359 Vlvos

244 1411 301 1451 XVI
314 1398 457 1463 VIVOM
476 1405 509 1464 et
526 1399 769 1467 CORNELIOS
787 1401 951 1488 DONOM‚
975 1409 1097 1468 certum
1116 1407 1166 1467 eat
1184 1403 1269 1466 inter
1287 1399 1456 1465 VIVONT

312 1506 363 1570 vel
388 1503 650 1572 CONFLVONT
674 1515 771 1595 atque
789 1509 967 1576 PONONT
985 1507 1226 1575 DEDERONT
1249 1507 1458 1572 intercedere.

309 1611 386 1678 Non
417 1614 601 1698 ignoratam
634 1617 853 1692 Quinctiliauo
887 1618 911 1702 l,
943 1621 973 1700 4,
1004 1618 1046 1681 16
1077 1617 1220 1680 dederont
1249 1616 1458 1696 probauerant

310 1719 489 1784 formarum
527 1726 721 1786 vetustatem
760 1723 811 1789 vel
852 1725 1040 1808 superstites
1086 1745 1162 1786 saue
1198 1721 1331 1805 quidam
1368 1719 1456 1784 tituli
1504 1793 1510 1816 Ὗ

310 1830 484 1894 testantur:
513 1828 617 1912 ipsum
647 1829 885 1896 DEDERONT
913 1831 1032 1896 nobilis
1062 1829 1184 1892 lamina
1211 1827 1269 1891 illa
1297 1833 1375 1912 post
1397 1825 1455 1890 Fa-

309 1933 465 1997 brettium
490 1939 522 1999 et
544 1933 710 2000 Maffeium
736 1939 776 2001 ab
796 1936 918 2003 Orellio
942 1960 973 2000 n.
997 1938 1082 2001 3147
1109 1933 1156 2016 [O.
1179 1935 1205 1997 Ι.
1228 1933 1263 1998 L.
1286 1933 1303 1997 l
1326 1957 1358 1998 n.
1381 1935 1455 2012 181]

310 2041 456 2124 repetita,
479 2063 542 2125 quo
572 2042 733 2124 pertinent
756 2043 855 2107 etiam
880 2045 913 2107 in
937 2043 1183 2107 Pisaurensibus
1208 2038 1360 2104 DEDRO
1386 2039 1456 2104 DE·

309 2143 426 2209 DROT
449 2146 586 2228 formae3
610 2145 885 2214 COSEN'I'ION'P
910 2147 1071 2232 Scipionis
1094 2147 1233 2212 Barbati
1250 2143 1278 2210 'f.
1302 2147 1456 2231 elogium.

309 2255 345 2313 ut
364 2251 493 2316 mittam
513 2253 696 2319 affectatam
715 2255 748 2319 in
767 2253 1016 2320 EXFOOIONT
1037 2254 1263 2338 antiquitatem
1283 2254 1455 2318 columnae

308 2361 483 2423 rostratae:
515 2383 592 2424 nam
625 2384 662 2425 ex
690 2361 754 2426 hoa
777 2362 885 2444 patero
904 2362 1034 2444 pulcrm
1056 2360 1206 2426 Claudiae
1227 2361 1366 2442 seprdcro
1389 2359 1456 2444 (Or.

308 2464 396 2529 4848
422 2463 469 2546 [C.
503 2465 528 2532 l.
551 2466 587 2531 L.
617 2467 633 2532 Ι
664 2491 693 2532 u.
721 2465 879 2553 1007])a
911 2467 1103 2551 quibusdam
1131 2466 1295 2550 proditum
1324 2465 1454 2531 NOMI-

307 2569 491 2667 NARONT
515 2573 576 2637 fide
600 2579 696 2657 caret,
719 2573 873 2639 ficticium
899 2573 1002 2638 estin
1027 2573 1146 2638 ficticia
1170 2571 1339 2656 Spoletina
1363 2571 1454 2636 Grut.

307 2698 338 2759 p.
366 2677 423 2760 95,
456 2679 476 2742 6
505 2676 746 2744 DEDERONT
778 2703 842 2745 una
874 2702 946 2744 cum
975 2676 1243 2744 FAOIONDAM.
1295 2677 1359 2742 Sed
1388 2679 1454 2760 illa,

307 2781 423 2865 quibus
452 2784 547 2866 plura
574 2785 658 2869 quod
688 2787 788 2851 sciam
815 2809 879 2851 non
908 2789 1052 2869 exstant,
1079 2807 1119 2848 ne
1148 2785 1297 2868 quintum
1325 2784 1453 2868 quidem

308 2888 470 2954 saeculum
503 2892 666 2956 excedunt.
718 2892 807 2969 Quod
841 2893 986 2957 insecuta
1018 2895 1107 2956 aetas
1139 2892 1282 2973 perrexit
1312 2890 1453 2956 fortasse

306 3015 365 3077 per
397 2995 528 3079 aliquod
561 3001 689 3081 tempus
722 2999 756 3062 in
788 3021 826 3063 eo
858 3021 932 3063 usu:
969 3000 1004 3063 in
1030 3000 1179 3063 neutram
1213 2996 1297 3060 enim
1325 3001 1451 3079 partem

306 3105 436 3182 praesto
470 3105 546 3166 suut
577 3110 861 3170 monumentorum
893 3105 1058 3190 exempla,
1094 3103 1238 3168 codicum
1270 3124 1371 3167 unum
1403 3123 1448 3166 nc·

305 3206 436 3300 quierant
466 3206 638 3274 Liuianum
670 3211 756 3295 apud
788 3211 922 3276 Festum
952 3236 983 3296 p.
1009 3211 1087 3275 162:
1120 3207 1175 3272 sed
1203 3208 1250 3271 ita
1276 3211 1389 3274 tamen
1418 3213 1453 3270 ut

306 3313 372 3378 iam
396 3335 480 3377 auno
504 3314 568 3380 568
594 3313 943 3383 CONSOLVERVN'P
967 3316 1081 3383 SVNT
1104 3312 1255 3379 ERVNT
1278 3313 1312 3376 in
1335 3311 1396 3378 SC.
1415 3312 1452 3376 de

306 3418 522 3485 Bacanalibns
547 3421 710 3509 legantur,
737 3426 815 3488 item
843 3424 974 3509 septimi
1006 3423 1125 3488 saeculi
1148 3425 1185 3486 ut
1208 3418 1331 3486 conicio
1354 3419 1450 3483 initio

305 3524 460 3620 uMnRV
483 3528 516 3590 in
541 3527 667 3595 Corano
691 3531 788 3595 titulo
818 3531 859 3594 ab
882 3529 1034 3595 Henzeuo
1065 3529 1150 3594 edito
1173 3528 1207 3591 in
1231 3525 1346 3590 Annol.
1372 3525 1451 3589 Inst.

306 3633 392 3697 arch.
412 3657 438 3698 a.
461 3635 544 3700 1846
560 3657 590 3719 p.
605 3633 737 3722 254**),
756 3635 941 3702 DANVNT
961 3639 994 3702 in
1013 3635 1158 3702 versibus
1174 3633 1315 3715 Soranis,
1334 3630 1450 3696 SVNT

304 3740 338 3804 in
370 3741 510 3806 miliario
542 3739 736 3826 Popillian0,
759 3743 908 3826 plurimis
943 3748 1050 3806 autem
1082 3739 1116 3804 in
1149 3739 1277 3803 decreto
1308 3737 1450 3803 Genuati

393 3879 419 3948 ³¹³)
440 3879 492 3949 [cf.
512 3881 610 3935 Euam.
630 3899 656 3950 p.
677 3887 724 3934 62:
750 3881 918 3951 ‘Campanus
937 3880 1030 3935 musei
1044 3877 1201 3946 Borbonici‚
1225 3877 1245 3933 1.
1264 3877 1297 3934 It.
1316 3877 1350 3932 N.
1370 3883 1450 3942 3⁷89,

305 3967 350 4020 Or.
371 3975 449 4036 6392,
469 3969 517 4022 ubi
538 3973 631 4024 tamen
651 3972 761 4040 praeter
774 3987 872 4024 verum
887 3968 1038 4024 CONIVGI
1053 3985 1213 4038 expressum
1227 3985 1277 4036 pro
1292 3965 1449 4022 COINVCI.

306 4055 375 4110 Tam
394 4057 516 4126 antiqui,
540 4075 625 4126 quam
644 4057 734 4113 habiti
752 4075 813 4113 case
832 4059 867 4112 ab
887 4058 950 4113 aliis
969 4055 1107 4124 ridentur,
1126 4073 1176 4111 nec
1195 4056 1240 4110 hic
1259 4073 1311 4110 nec
1329 4055 1448 4124 proximi
1509 4065 1510 4070 ’

304 4145 351 4212 qui
369 4147 540 4215 praecedunt
558 4148 634 4202 credi
653 4149 805 4218 poteraut'
845 4145 873 4201 0.
894 4147 951 4215 W.]

373 4236 414 4304 ¹¹³⁸)
435 4235 548 4305 [Editus
572 4253 646 4291 nunc
664 4240 708 4291 est
726 4237 755 4291 in
774 4237 803 4291 C.
823 4237 843 4288 Ι.
864 4235 894 4289 L.
916 4237 927 4288 1
945 4253 971 4289 n.
993 4239 1071 4301 11483
1100 4233 1181 4290 P.·L.
1200 4233 1237 4288 M.
1256 4234 1287 4288 E.
1307 4233 1365 4290 tab.
1379 4233 1445 4286 LB.

302 4353 334 4360 —
356 4323 450 4378 Enarr.
470 4343 496 4394 p.
517 4330 551 4378 44
571 4325 682 4395 scripsit
699 4324 883 4380 Riteolrelius:
905 4324 951 4378 ‘de
970 4325 1062 4378 aetate
1081 4321 1159 4378 tituli
1177 4323 1299 4391 (Corani)
1319 4321 1445 4377 errabam

302 4409 375 4464 Mon.
401 4413 487 4483 epigr.
512 4414 547 4467 tr.
571 4431 599 4481 p.
618 4413 695 4482 XVI,
719 4415 787 4482 quia
810 4413 845 4468 de
864 4414 885 4467 L
911 4414 1024 4467 litterae
1048 4411 1137 4479 ligura
1156 4429 1189 4466 ex
1209 4409 1363 4464 Annalibus
1381 4411 1445 4464 lust.

302 4499 381 4553 Rom.
402 4517 426 4554 a.
447 4509 515 4557 1846
534 4519 560 4570 p.
580 4507 632 4554 254
651 4502 722 4556 nihil
741 4500 908 4557 constabat’
948 4500 978 4555 C.
998 4499 1054 4570 W.]
