3062 5142
378 374 582 422 narrsonvu
605 373 872 433 aurrovrssrurs.
1134 358 1198 422 277

83 517 147 579 ticos
167 516 236 582 illos
259 517 373 600 luisse,
400 520 437 581 ut
464 517 498 580 in
522 518 635 602 quinto
664 517 782 582 senarii
811 517 891 601 pede
913 521 1080 600 praestare
1103 539 1198 600 spon·

83 622 157 686 deun
178 625 317 706 nossent,
339 622 429 686 nullo
453 621 569 687 idoneo
593 625 783 708 argumento
803 623 1004 706 persuadeas.
1037 623 1142 700 Quam
1165 625 1199 690 in

83 733 183 810 partem
205 731 240 792 nt
262 727 428 813 inclinem,
450 729 531 793 illud
555 728 761 812 potissimum
785 733 968 794 memoret
992 730 1076 814 quod
1100 729 1199 794 etiam

85 833 186 897 llranii
203 855 311 898 versus
331 833 370 898 ad
389 835 506 918 longae
524 855 694 898 mensurae
708 833 925 900 constentiam
943 836 1199 920 transpositione

83 939 185 1004 denum
207 941 377 1006 verborum
400 943 582 1005 revocetur:
612 939 685 1006 ‘Hic
708 942 819 1006 ndster
842 941 1010 1006 delabdrat
1038 963 1111 1006 cum
1134 947 1198 1007 sta·

84 1046 127 1110 linr
150 1045 241 1130 puer',
274 1070 370 1131 quam
400 1070 419 1112 a
446 1047 567 1113 Bothio
595 1047 853 1112 commendatam
885 1048 1037 1131 probavit
1063 1047 1198 1114 Neulrir·

84 1153 154 1216 chios
174 1152 209 1217 de
232 1153 295 1219 fab.
315 1160 382 1238 tog.
401 1178 431 1239 p.
448 1155 520 1220 180.
551 1153 597 1218 Et
620 1154 659 1218 de
682 1155 844 1219 sententie
867 1155 997 1240 quidem
1020 1155 1081 1220 etsi
1100 1157 1199 1222 dubia

84 1281 143 1323 sane
161 1281 207 1324 res
230 1263 289 1345 est,
311 1267 422 1326 tamen
444 1262 584 1346 ingenue
606 1259 714 1326 fateor
733 1283 784 1325 me
802 1283 843 1326 nc
861 1262 1050 1348 intellegere
1069 1263 1198 1347 quidem

84 1365 144 1429 satis
163 1366 208 1430 vel
230 1367 490 1450 perseverantiae
513 1368 679 1432 notionem
702 1367 753 1431 vel
771 1389 889 1432 nexum
908 1369 1143 1454 cogitationum
1164 1369 1198 1433 in

85 1473 141 1555 illis,
161 1474 266 1556 quales
285 1473 482 1550 Neulrirchio
504 1474 703 1562 placuerunt,
726 1473 886 1538 versibus:
910 1496 989 1559 quos
1008 1497 1081 1542 meo
1100 1497 1197 1540 sensu

86 1579 164 1644 multo
185 1580 379 1645 commodius
403 1580 449 1644 sic
473 1579 686 1665 expediveris:

213 1739 415 1824 Quamquam
439 1761 504 1804 non
527 1739 600 1804 istis
625 1741 791 1804 e'xercetur
813 1739 848 1803 1¹11
871 1739 952 1803 locis

213 1845 273 1910 Hic
296 1848 414 1928 ndster,
437 1845 607 1910 delabdrat
631 1866 703 1910 cum
728 1846 846 1928 puera
869 1845 991 1908 statim.

87 2001 134 2066 lbi
157 2001 337 2070 ‘delaborat'
365 2005 486 2069 dictum
519 2007 569 2067 est
601 2005 768 2086 tamquam
797 2001 1003 2086 ‘deluctatur,
1036 2002 1195 2068 desudet':

88 2107 150 2172 ‘istis
173 2111 201 2174 iu
226 2111 319 2177 locis’
352 2115 459 2176 autem
492 2113 529 2175 ut
562 2108 608 2172 ‘in
640 2108 775 2174 occultis
805 2107 897 2172 locis’
930 2107 1015 2192 apud
1045 2109 1196 2174 Plautum

90 2212 156 2280 Fure.
174 2216 224 2296 lv,
243 2220 272 2302 2,
292 2220 344 2302 21,
368 2217 412 2282 ‘in
437 2215 612 2282 latebrosis
635 2214 729 2280 locis’
757 2215 873 2280 Bacch.
893 2216 967 2299 430,
990 2215 1046 2280 ubi
1067 2215 1196 2300 quidem

89 2318 145 2384 haee
171 2326 359 2406 praecedunt
391 2323 555 2390 ‘Saliendo
594 2343 664 2387 sese
697 2322 929 2387 exercebant
960 2322 1067 2406 magis
1100 2345 1197 2408 quam

90 2433 169 2492 scorto
189 2436 240 2496 aut
262 2430 384 2497 seniis?

153 2536 302 2604 Effectum
326 2543 376 2603 est
398 2537 513 2623 igitur,
542 2537 607 2601 nisi
628 2534 728 2600 fallor
752 2535 866 2619 animi,
896 2539 933 2600 ut
955 2535 1077 2618 pariter
1100 2539 1196 2619 atque

91 2643 200 2708 stttnn
226 2651 258 2710 et
285 2649 444 2727 statum,
477 2643 574 2708 etiam
605 2642 739 2707 statim
768 2645 801 2707 et
824 2641 958 2706 statim
986 2642 1197 2725 pronuntiata

91 2746 136 2809 sint
153 2753 322 2816 necessario
345 2750 594 2836 significationis
618 2749 802 2813 discrimine
823 2749 926 2812 nullo:
948 2748 1013 2812 nisi
1032 2749 1116 2833 quod
1136 2771 1196 2814 usu

92 2874 146 2918 sane
166 2860 245 2924 venit
273 2863 323 2942 ot,
350 2858 406 2924 ubi
435 2857 541 2936 stete,
570 2856 682 2922 αὐτίκα
709 2855 878 2920 dicendum
906 2857 1004 2937 esset,
1031 2876 1096 2919 non
1122 2876 1194 2938 pro-

92 2957 229 3030 duceretur.
274 2963 425 3031 Geternm
452 2987 511 3030 nec
539 2966 754 3048 praestitus
782 2962 922 3027 formem
953 2964 985 3025 et
1013 2962 1195 3027 consimiles

92 3084 237 3150 conparare
270 3095 342 3138 cum
375 3072 597 3156 praestatus
630 3069 733 3154 volui,
770 3090 965 3154 quamquam
1002 3067 1035 3132 id
1068 3068 1195 3152 quidem

94 3169 150 3238 alies
168 3177 203 3241 ob
224 3202 355 3245 caussas
379 3200 476 3263 quarn
500 3177 585 3262 quod
609 3177 683 3241 illes
706 3179 763 3240 aut
785 3175 858 3240 duci
882 3197 901 3238 a
924 3174 1065 3240 sistere
1092 3176 1196 3260 stirpe

93 3281 131 3338 aut
153 3281 186 3346 ed
211 3307 279 3350 eam
308 3283 544 3350 accommodari
576 3283 722 3368 potuisse
753 3281 946 3367 quibusdam
974 3281 1195 3368 grammaticis

93 3385 197 3453 endan:
233 3414 293 3457 nec
324 3391 404 3474 talia
437 3411 690 3455 commemorare
724 3387 834 3474 qualia
870 3391 946 3452 sunt
984 3385 1195 3470 explicitus

93 3487 281 3582 inplicitus,
315 3519 396 3582 quae
424 3495 548 3582 origine
578 3517 637 3560 sua
663 3517 730 3560 non
758 3495 834 3558 sunt
861 3493 1041 3590 necessario
1070 3491 1195 3575 primae

94 3593 275 3670 declinationis
299 3609 335 3668 ut
358 3628 378 3668 a
400 3603 519 3687 plica·
546 3603 643 3685 flexa,
675 3599 731 3665 sed
753 3603 919 3683 tamquam
943 3621 963 3663 a
985 3597 1094 3682 plic-,
1122 3618 1193 3662 cum

93 3701 201 3789 singna
221 3713 337 3796 stirpes
360 3709 500 3794 pristina
523 3712 612 3773 netas
640 3729 706 3772 non
730 3706 791 3790 eis,
819 3728 897 3790 quas
925 3708 1058 3788 postera
1080 3702 1196 3787 finivit,

94 3811 333 3900 adoptionibus
363 3815 565 3883 discreverit:
592 3835 652 3879 nee
683 3835 845 3878 arcessere
871 3811 1053 3896 cognitus
1086 3808 1194 3892 agni-

93 3915 135 3980 llt
157 3925 324 4009 participia,
354 3945 436 4008 quae
460 3923 522 3988 etsi
546 3921 678 3986 dubium
702 3940 768 3984 non
792 3922 841 3983 est
865 3919 943 4002 quin
967 3938 1005 3981 ex
1028 3914 1192 4000 primitive
1210 3931 1235 3972 1⁶

94 4023 218 4096 dtr-rus
241 4033 346 4098 forma
368 4031 556 4117 prodierint,
578 4033 689 4094 tamen
713 4027 888 4111 ancipitem
911 4024 1032 4088 hebere
1055 4021 1195 4105 explica·
1255 4075 1260 4084 .

95 4127 142 4193 ltu
159 4127 303 4204 rideam‘
327 4137 391 4203 Sed
420 4139 531 4203 eodem
560 4158 638 4202 sane
666 4156 728 4220 quo
753 4129 879 4199 stritus
908 4150 1023 4214 genere
1052 4149 1195 4210 compre·

95 4229 169 4306 lende
189 4267 203 4308 e
224 4251 255 4311 cl
279 4247 380 4330 stirpe
404 4245 492 4310 facta
514 4247 615 4308 citus
640 4245 748 4306 altus.
784 4239 868 4303 ltem
892 4234 1195 4319 comprehenderem

97 4347 189 4419 quitus
208 4357 336 4436 quitus
360 4373 431 4416 cum
451 4346 681 4434 grammaticis,
704 4343 847 4410 simodo
865 4365 935 4407 eam
954 4363 1075 4426 vocem,
1098 4363 1195 4425 quam

97 4451 212 4536 erupuit
240 4433 411 4522 Terentius
443 4453 589 4539 Hecyrae
618 4451 674 4536 IV,
700 4453 727 4535 l,
751 4451 803 4536 57,
838 4471 971 4534 usquam
1006 4448 1194 4534 productam
