3062 5142
466 323 721 371 connaurumo
744 325 857 370 Paron.
1154 307 1216 371 193

83 485 165 526 unum
189 463 288 526 illum
303 463 548 529 Grotefendium
568 469 764 550 sequeretur.
801 465 892 541 Quod
917 466 971 530 ille
996 467 1149 530 damnum
1168 467 1221 532 vix

83 569 175 652 aliquo
198 570 300 635 modo
324 571 496 636 resarcisse
521 594 558 636 eo
583 572 759 637 censendus
789 577 852 656 est,
881 573 965 657 quod
991 576 1155 656 acceptam
1180 573 1221 637 ab

83 675 178 741 (lano
202 675 523 744 Kannnnnnnno
548 679 752 743 emendatam
774 678 946 744 lectionem
967 679 1134 744 Analectis
1157 680 1223 763 epiL

83 782 232 866 graphicis
253 782 366 848 Turiei
390 807 418 849 a.
436 786 519 851 1838
545 786 639 850 aditis
664 785 810 849 inseruit.
845 783 1048 868 Quamquam
1067 808 1107 849 ne
1126 785 1222 850 huius
1238 803 1262 842 1³

84 889 195 971 quidem
225 892 435 976 quantumvis
469 892 616 976 religiosi
645 892 837 957 scrutatoris
869 914 968 975 opera
1002 895 1163 978 praestari
1190 894 1221 957 id

83 995 172 1078 ipsum
196 1002 332 1082 poterat
356 1021 419 1083 quo
444 1000 494 1062 rel
519 1000 656 1063 maxime
681 1020 762 1084 opus
787 1003 867 1063 erat.

156 1103 242 1168 Nam
277 1110 313 1169 ut
343 1110 376 1171 et
407 1107 551 1171 breviter
582 1112 615 1171 et
644 1107 789 1191 graviter
820 1105 939 1170 dicam:
972 1111 1023 1171 tot
1053 1108 1221 1172 hominum

83 1211 167 1274 tantis
195 1213 286 1276 curis
314 1215 347 1278 et
373 1213 539 1279 laboribus
568 1213 658 1278 nullo
687 1213 783 1278 modo
811 1212 891 1276 illud
920 1218 971 1277 est
1000 1213 1149 1278 effectum
1178 1219 1223 1298 ut,

83 1319 206 1398 quaein
232 1319 344 1403 lapide
367 1320 416 1383 vel
441 1319 508 1384 sint
535 1321 587 1384 vel
610 1342 676 1384 non
701 1320 781 1402 sint,
810 1323 842 1384 ct
865 1320 1026 1405 quomodo
1052 1322 1118 1385 sint
1141 1343 1223 1405 quae
1294 1396 1297 1411 Ι

84 1427 156 1502 sunt,
184 1447 304 1508 reapse
328 1427 449 1490 sciatur
477 1431 664 1509 certumque
693 1426 937 1490 fundamentum
966 1449 1029 1510 quo
1053 1431 1124 1492 tuto
1149 1449 1221 1492 con·

83 1528 149 1592 fidas
178 1536 336 1613 paratum
364 1533 416 1596 sit.
463 1532 509 1597 Vt
532 1533 600 1604 iure
625 1555 683 1596 suo
708 1533 773 1596 iam
796 1531 946 1596 Dukerus
975 1531 1098 1598 ‘omnes
1127 1534 1223 1599 aliter

85 1641 165 1720 atque
188 1639 289 1704 aliter
312 1639 475 1704 exhibere'
499 1646 631 1725 questus
661 1641 704 1705 sit
724 1641 764 1704 ad
788 1639 928 1703 Florum.
969 1637 1038 1703 Nec
1061 1641 1147 1704 enim
1171 1641 1222 1704 vel

84 1741 113 1803 de
129 1745 318 1810 mutilarum
342 1747 525 1811 litterarum
550 1747 695 1831 apicibus
719 1747 753 1810 iu
772 1767 934 1810 marmore
955 1747 1091 1810 servatis
1110 1748 1161 1810 vel
1182 1747 1221 1812 de

85 1848 311 1932 deperditarum
333 1854 465 1919 tabulae
487 1855 632 1939 partium
653 1875 801 1917 mensura
821 1851 900 1915 satir
920 1856 1063 1916 constat:
1091 1853 1220 1936 quando

84 1953 113 2016 de
133 1959 315 2040 spatiorum
336 1961 517 2026 rationibus
541 1983 582 2024 ne
597 1959 788 2024 Boherellus
808 1957 938 2042 quidem
961 1979 1026 2021 non
1044 1958 1142 2022 fallit.
1177 1957 1222 2022 Et

85 2065 188 2146 tamen,
220 2066 288 2130 nisi
316 2069 487 2150 utrumque
516 2087 618 2150 genus
648 2088 775 2130 summa
803 2086 876 2129 cum
907 2085 983 2128 cura
1007 2064 1143 2128 rimatus
1168 2087 1219 2128 ex·

86 2167 262 2255 ploraveris,
297 2195 362 2236 non
390 2174 512 2257 poterit
540 2173 710 2258 supplendi
743 2193 842 2256 opera
872 2173 958 2234 recte
987 2175 1083 2255 atque
1111 2173 1220 2237 ordine

87 2276 252 2354 procedere:
283 2280 373 2363 prius
402 2283 511 2344 autem
535 2301 631 2363 quam
660 2280 959 2364 supplementorum
988 2277 1220 2361 probabilitate

86 2379 157 2446 tituli
178 2383 355 2470 integritas
379 2386 610 2450 reconcinnata
634 2386 689 2468 sit,
717 2406 784 2450 non
812 2384 889 2448 licat
911 2384 998 2448 illius
1024 2387 1164 2448 aetatem
1188 2389 1222 2447 et

88 2487 223 2570 originem
254 2490 309 2554 via
332 2513 369 2555 ac
397 2492 525 2556 ratione
549 2493 728 2576 disceptare
752 2494 797 2569 et,
831 2490 915 2574 quod
939 2494 989 2554 est
1012 2511 1219 2574 consequens,

88 2593 307 2659 consideratum
341 2596 380 2661 de
413 2597 481 2662 eius
515 2598 577 2662 fide
616 2603 649 2663 et
682 2597 875 2661 auctoritate
912 2596 1065 2660 iudicium
1099 2594 1220 2661 facere:

88 2719 164 2778 quma
187 2723 258 2765 rem
283 2725 320 2768 eo
343 2704 418 2786 plus
441 2703 562 2768 habere
587 2707 620 2768 et
643 2704 768 2788 gratiae
793 2707 826 2766 et
847 2702 1051 2766 necessitatis
1076 2707 1220 2785 apparet,

89 2825 135 2884 quo
156 2808 298 2872 securius
322 2831 343 2873 a
366 2809 536 2873 columnae
564 2813 725 2874 rostratae
750 2809 946 2872 testimoniis
978 2811 1011 2872 et
1033 2810 1220 2893 grammati-

88 2931 141 2976 cam
161 2915 299 2982 latinam
327 2921 360 2980 et
388 2916 560 2983 historiam
588 2917 720 3001 linguae
748 2915 846 2980 ordiri
875 2915 1022 2998 plerique
1046 2937 1217 2980 consueve-

90 3025 153 3082 rant
195 3021 312 3108 ltaque
336 3025 483 3108 quamvis
509 3025 670 3109 sagaciter
699 3022 829 3107 singula
857 3021 961 3085 multa
990 3021 1057 3086 sive
1080 3021 1122 3086 ab
1145 3023 1218 3086 aliis

90 3123 138 3187 sire
156 3149 173 3190 a
190 3127 304 3214 Lipsio
328 3129 535 3212 potissimum
555 3132 588 3194 et
603 3128 775 3194 Oiacconio
795 3128 980 3211 excogitata
1004 3128 1084 3212 sint,
1108 3133 1217 3194 tamen

91 3233 219 3298 continua
253 3236 451 3302 instauratio
481 3237 570 3301 tituli
602 3235 745 3300 universi
783 3257 820 3298 ex
857 3234 1034 3299 editoribus
1069 3236 1217 3300 omnibus

92 3337 150 3400 nulli
170 3341 215 3404 ita
239 3344 396 3406 successit
418 3348 455 3407 ut
478 3343 558 3406 artis
583 3341 711 3426 legibus
735 3341 815 3405 satis
839 3340 961 3405 factum
985 3343 1041 3423 sit,
1068 3341 1217 3424 supplen-

92 3439 163 3526 lique
188 3449 360 3512 conamina
389 3448 428 3513 ad
456 3473 556 3514 unum
585 3449 708 3529 omnia,
740 3450 777 3512 ut
804 3447 838 3511 in
866 3447 927 3511 lroc
957 3447 1148 3530 subsistam,
1180 3471 1217 3511 eo

93 3558 222 3618 corruunt
250 3555 335 3639 quod
365 3556 611 3620 intervallorum
640 3555 782 3618 rationes
811 3575 875 3616 non
900 3553 995 3618 modo
1019 3576 1084 3618 non
1108 3555 1215 3618 obser·

93 3659 163 3721 ratae
184 3662 273 3746 satia,
297 3663 352 3728 sed
375 3663 597 3728 incredibilem
621 3661 655 3724 in
680 3658 810 3723 modum
834 3659 1002 3742 neglectae
1027 3663 1111 3724 suut.

159 3765 245 3841 Quae
269 3791 342 3833 cum
366 3770 414 3833 ita
437 3774 558 3852 essent,
586 3767 648 3831 hoc
672 3766 833 3851 agendum
864 3787 934 3828 esse
957 3770 1087 3848 praeter
1110 3769 1217 3830 cetera

94 3863 307 3958 intellegebam,
341 3881 377 3940 ut
405 3899 468 3960 qua
497 3878 606 3960 posset
631 3874 691 3937 lide
720 3895 756 3936 ac
780 3871 937 3954 religione
966 3872 1006 3934 ad
1031 3873 1215 3954 superstitis

95 3971 184 4055 lapidis
211 3981 455 4046 similitudinem
484 3981 652 4064 inscriptio
681 3977 868 4060 Capitolina
896 3979 999 4042 denuo
1030 3998 1214 4060 repraesen-

95 4079 197 4147 taretur.
247 4086 284 4150 Id
311 4088 412 4172 igitur
440 4089 523 4173 quod
552 4088 618 4150 iam
648 4083 748 4149 videri
782 4087 890 4167 potest
922 4085 955 4148 in
983 4083 1109 4162 adiecta
1140 4083 1215 4149 huic

96 4194 332 4259 lamentationi
357 4195 470 4259 tabula
494 4195 572 4258 satis
596 4191 811 4278 probabiliter
827 4191 1021 4274 praestitum
1040 4213 1119 4274 esse,
1142 4213 1215 4256 con·

96 4287 186 4360 incas
208 4321 279 4362 cum
304 4303 417 4364 nostra
435 4299 596 4364 industria
615 4303 648 4364 et
665 4297 867 4380 lithographi
887 4297 972 4360 haud
991 4297 1118 4380 vulgari
1138 4298 1214 4362 arti-

98 4395 149 4463 fieio
173 4408 202 4467 et
224 4405 404 4469 Hannrc1
432 4403 609 4468 annnn
642 4404 746 4468 nostri
780 4401 886 4465 studio
919 4400 1069 4467 debetur:
1103 4425 1122 4466 a
1150 4426 1213 4488 quo

135 4521 167 4557 sn.
180 4525 325 4562 nrrscnanrr
340 4527 473 4562 orvacvna
489 4527 524 4564 ιν.
966 4511 997 4558 ¹³
