3048 5144
176 423 182 428 .
310 363 373 427 106
684 381 833 428 rrrvnvs
857 381 1074 429 nvnumuvs.

235 547 291 586 xrs
305 524 461 607 cordique
485 524 584 588 verba
610 523 803 607 referantur,
830 523 981 589 decumae
1005 527 1114 588 autem
1136 523 1241 608 (cuius
1264 529 1359 608 parte
1383 529 1455 590 tan·

306 635 376 694 tom
395 629 506 714 aliqua
523 629 585 695 boe
605 629 724 696 donum
744 629 934 715 parabatur)
953 631 993 695 ad
1011 651 1119 695 ceam
1136 631 1288 695 rationes
1305 632 1454 715 plenam-

305 759 368 822 que
397 759 582 803 mensuram
612 737 787 822 exigendae
817 738 970 803 auxilinm
1002 736 1146 802 divinum
1181 759 1218 802 eo
1250 738 1455 821 imploretur,

305 844 558 928 qnod·summae
580 845 730 931 religioni
754 844 928 910 haberetur
950 845 1060 929 aliqua
1078 845 1145 909 voti
1168 847 1260 928 parte
1283 844 1383 910 deum
1404 847 1453 910 vel

304 950 487 1014 inconsulto
515 951 669 1016 fraudari.
715 949 783 1016 Nec
811 951 912 1015 scitur
939 972 1037 1034 quam
1069 951 1119 1014 vel
1146 951 1289 1014 liberalis
1316 951 1453 1037 ingenio

305 1061 338 1120 et
355 1056 480 1122 artibus
500 1059 621 1141 politus
641 1058 692 1122 vel
711 1078 824 1142 expers
842 1057 1023 1142 elegantiae
1042 1057 1149 1142 luerit,
1167 1058 1219 1122 cui
1234 1059 1453 1142 componendi

303 1164 549 1248 epigrammatis
563 1165 731 1249 negotium
746 1163 960 1229 mandaretur.
989 1163 1193 1249 Quamquam
1207 1168 1275 1228 tam
1288 1163 1347 1254 ille
1362 1164 1453 1228 rudis

303 1274 336 1333 et
358 1291 459 1354 paene
483 1269 618 1335 dixerim
641 1271 775 1336 cerritus
799 1291 869 1334 esse
890 1291 957 1336 non
975 1270 1084 1354 potuit
1101 1275 1146 1354 ut,
1169 1293 1242 1336 curn
1260 1271 1297 1334 in
1315 1270 1453 1355 reliquis

303 1378 383 1442 satia
407 1378 489 1442 bene
513 1399 613 1461 opero
635 1379 665 1441 ei
688 1376 894 1462 processerit,
916 1375 996 1441 baec
1016 1379 1125 1440 tamen
1143 1377 1229 1442 inter
1248 1399 1283 1440 se
1301 1381 1452 1442 constru-

303 1489 384 1549 eret:
407 1484 583 1550 Mummius
604 1483 659 1549 boc
675 1485 795 1566 ¹(locetur
816 1504 849 1549 sc
870 1485 945 1548 dore
965 1503 1021 1548 stro
1044 1484 1149 1549 anirnc
1172 1485 1276 1548 sinim
1293 1489 1348 1568 cst,
1373 1506 1449 1568 quo

302 1590 398 1656 modo
428 1613 604 1676 numquam
632 1591 805 1676 quisquam
832 1591 1018 1656 mortalium
1046 1591 1174 1656 locutus
1197 1595 1257 1655 est.
1303 1591 1354 1656 Ac
1379 1591 1450 1654 vitii

302 1701 414 1763 monet
439 1698 509 1782 ipse
536 1697 622 1761 alter
642 1719 769 1780 versus,
801 1697 852 1761 oui
881 1695 1001 1761 autad
1024 1698 1155 1781 plenam
1178 1717 1366 1762 mensuram
1385 1719 1451 1762 una

301 1805 429 1888 syllaba
451 1805 542 1869 deest
564 1808 620 1869 ant
641 1803 848 1869 foedissimus
872 1804 980 1869 hiatus
1003 1804 1129 1870 insidet
1175 1804 1246 1881 Quo
1269 1803 1317 1869 sio
1341 1813 1449 1868 trans·

301 1911 417 1995 positis
442 1911 549 1976 verbis
572 1911 627 1976 loc
644 1931 824 1995 pressura
852 1914 977 1976 remoto
1000 1915 1035 1976 et
1057 1910 1193 1975 indulsit
1215 1910 1278 1974 sibi
1301 1907 1450 1995 Scaliger

301 2017 386 2102 quod
405 2019 440 2082 in
466 2017 528 2082 boo
560 2039 677 2102 genere
700 2018 834 2082 minime
857 2019 950 2102 lieet,
977 2039 1036 2083 nee
1060 2018 1165 2101 magis
1188 2017 1353 2082 consuluit
1377 2040 1449 2101 syn·

300 2125 376 2188 taxi.
422 2125 625 2208 Quapropter
656 2146 724 2189 non
756 2146 826 2189 esse
854 2125 988 2189 dubium
1015 2127 1107 2208 puto,
1139 2123 1218 2208 quin
1245 2124 1450 2208 quadratarii

300 2229 518 2314 imprudentia
541 2231 664 2315 aliquid
694 2230 856 2295 exciderit
902 2229 996 2306 Quod
1019 2229 1047 2294 si
1070 2230 1125 2314 qui
1150 2230 1234 2295 forte
1256 2231 1323 2295 tale
1346 2230 1448 2296 fuisse

301 2337 487 2402 coniecerit:
524 2337 574 2402 De
608 2339 735 2402 ᾱεαιηια
771 2339 870 2401 αἰσίαν
901 2337 973 2401 tues·
1007 2335 1125 2402 broie
1155 2336 1301 2402 Mcmius
1330 2339 1448 2404 donam

300 2445 444 2510 Moribus
465 2446 619 2526 untiqueis
636 2465 696 2526 pro
718 2464 816 2509 arsuro
838 2443 892 2508 too
913 2444 992 2508 uolt
1012 2443 1087 2508 dare
1099 2463 1169 2508 scsc.
1213 2444 1321 2508 Visum
1339 2446 1447 2510 anino

299 2573 353 2616 seco
366 2551 511 2635 perfecit:
534 2557 571 2616 ut
589 2573 740 2616 excusare
759 2551 866 2634 possit
883 2551 949 2616 uolt
965 2573 1024 2634 pro
1042 2551 1143 2614 uoluit
1160 2551 1313 2634 positum,
1336 2553 1447 2616 tamen

299 2659 396 2724 tertio
420 2680 515 2722 versu
538 2658 711 2724 subiecerit
734 2659 819 2743 quod
843 2680 941 2743 qnam
963 2657 1102 2722 maxime
1121 2657 1241 2741 frigeat
1259 2661 1292 2720 et
1310 2679 1446 2741 prorsus

300 2786 573 2850 supervacaneum
602 2765 646 2828 sit
677 2764 717 2829 ad
746 2765 949 2830 sententiam.
995 2763 1077 2828 Vide
1104 2764 1206 2848 igitur
1228 2787 1306 2828 num
1329 2766 1446 2850 proba-

300 2872 396 2936 bilius
427 2877 460 2936 ct
486 2892 637 2936 numeros
665 2875 698 2936 et
728 2871 1002 2936 constructionem
1030 2869 1222 2935 Mummiani
1254 2877 1372 2956 poetae
1401 2872 1446 2938 sic

299 2977 549 3060 redipiscamur:
582 2978 635 3043 De
666 2977 823 3042 decuma
845 2978 974 3042 uictor
996 2976 1093 3041 tibei
1116 2976 1256 3042 Lucius
1281 2977 1445 3044 Mumius
1489 2997 1494 3004 ·

300 3085 434 3150 donum
458 3083 631 3150 Moribus
664 3084 860 3168 antiqueis
888 3106 956 3168 pro
986 3104 1101 3148 usura
1123 3081 1211 3166 hoc,
1238 3085 1333 3166 qrtod
1353 3085 1445 3150 dare

299 3213 383 3257 sese
406 3191 539 3256 Visum
563 3191 690 3256 animo
715 3213 795 3277 suo,
818 3191 994 3275 perfecit.

389 3297 539 3364 Summae
566 3303 675 3364 autem
703 3298 871 3364 offensioni
899 3297 1072 3381 praevideo
1094 3319 1189 3362 versu
1213 3301 1330 3381 quarto
1353 3305 1390 3364 tu
1411 3306 1446 3364 ct

296 3405 407 3486 facilia
435 3407 512 3472 fore.
558 3405 621 3472 Pro
655 3406 772 3492 quibus
805 3429 824 3471 a
852 3403 1017 3490 Scaligero
1046 3404 1211 3490 eleganter
1237 3405 1383 3489 reposita
1410 3411 1444 3471 ut

296 3512 402 3593 felicia
432 3512 533 3577 verba
569 3511 774 3596 quantumvis
811 3510 852 3576 ad
888 3510 1143 3596 intellegendum
1180 3512 1331 3595 expedita
1368 3515 1444 3596 sint,

298 3623 408 3684 tamen
430 3619 487 3684 illa
509 3619 618 3704 potius
646 3639 760 3704 reapse
788 3617 953 3684 exstitisse
981 3617 1015 3681 in
1043 3622 1252 3684 monumento
1278 3623 1330 3685 tot
1352 3622 1443 3686 testi·

298 3728 359 3792 bus
388 3727 580 3792 credendum
608 3730 667 3790 est.
714 3725 802 3802 Quae
830 3723 859 3790 si
891 3724 1011 3809 duplici
1037 3725 1164 3790 ratione
1189 3726 1326 3791 defendi»
1345 3749 1441 3812 posse

299 3832 428 3916 dixero,
455 3836 493 3896 ut
514 3832 610 3897 fidem
634 3853 730 3918 aegre
754 3833 930 3915 inveniam,
953 3833 1117 3897 inveniam
1140 3836 1251 3898 tamen
1272 3837 1309 3898 ut
1331 3855 1441 3918 spero:

299 3961 495 4024 quamquam
517 3943 593 4005 utra
615 3941 698 4005 ratio
717 3941 869 4023 praestet
892 3961 958 4004 non
978 3940 1138 4004 definiam.
1175 3941 1243 4004 Aut
1261 3940 1345 4004 enim
1366 3964 1440 4025 syn·

299 4069 412 4130 copam
435 4047 559 4130 patitur
585 4047 696 4126 facilia
718 4047 752 4110 et
776 4045 874 4126 factio
896 4047 1140 4129 pronuntiatum
1164 4051 1228 4111 est:
1256 4047 1341 4131 quod
1364 4048 1440 4112 nolo

298 4155 417 4216 temere
446 4153 550 4218 dicere
578 4151 680 4217 videri
709 4175 818 4218 eorum
847 4153 994 4236 exemplo
1023 4153 1077 4236 qui
1101 4153 1152 4217 vel
1178 4152 1243 4218 sibi
1265 4152 1317 4216 vel
1347 4153 1440 4219 bonis

298 4259 510 4342 scriptoribus
528 4259 610 4324 nihil
629 4261 779 4325 licentiae
797 4281 863 4324 non
882 4259 1007 4324 licitum
1025 4264 1141 4343 putare
1160 4258 1274 4342 solent,
1293 4257 1349 4322 sed
1369 4281 1438 4322 cum

297 4369 458 4430 certorum
482 4366 702 4448 exemplorum
726 4364 966 4447 comparatione
989 4369 1059 4431 tum
1081 4366 1129 4430 ita
1156 4367 1248 4429 utet
1275 4385 1292 4428 e
1315 4364 1440 4448 plebeia

298 4469 528 4540 consuetudine
551 4473 695 4553 repetam
715 4474 748 4535 et
770 4471 876 4554 prisco
900 4476 1028 4538 tantum
1052 4494 1131 4538 aevo
1150 4472 1290 4537 tribuam
1313 4471 1437 4536 facilem
