3048 5144
171 403 328 452 VOCALES
352 407 553 456 Garumna
577 409 623 455 ET
646 409 678 454 L.
696 407 820 456 ACCIVS
844 409 1105 457 GRAMMATICVS.
1155 393 1212 458 151

89 549 171 630 lactea
196 549 281 612 circa
300 574 330 616 a.
344 551 409 616 614
431 552 467 615 in
484 553 557 637 lege
572 551 727 616 Cornelia
749 552 788 616 de
807 552 868 617 XX
888 558 1010 638 quaest.
1027 551 1214 629 PEQVLA-

89 653 164 717 TVV
192 657 409 742 (quamquem
440 655 674 734 PEQVLATV
707 656 928 746 Goettlingius
961 662 1117 741 testatur)
1124 711 1132 743 ,
1166 664 1216 724 ter

88 767 178 826 antem
198 759 319 844 IVVS;
342 767 506 848 postremo
530 765 564 828 in
590 764 734 830 Antonia
757 764 795 828 de
820 763 1025 830 Termesibus
1050 767 1125 830 anni
1149 767 1214 832 684

88 868 170 932 semel
192 867 344 952 VV'I'EI,
372 870 471 934 semel
494 870 554 933 ΛΑ
570 903 577 918 ·
593 867 816 935 OETEREIS.
856 869 929 936 Huc
953 871 1034 936 addc
1058 895 1075 938 e
1097 873 1213 938 Roma·

87 997 183 1039 nomm
206 977 354 1060 exemplo
382 976 598 1060 repetendam,
621 976 761 1041 alienam
784 1000 804 1041 a
827 977 1024 1043 Graecorum
1046 985 1214 1045 consuetu-

87 1081 146 1144 dine
168 1083 360 1166 scripturam
383 1081 417 1147 in
431 1081 719 1148 Tauromeniorum
743 1083 842 1148 titulo
866 1083 942 1147 anni
966 1084 1031 1149 616
1056 1083 1137 1149 (1.1.
1161 1085 1214 1152 Gr.

86 1189 158 1252 5814
189 1190 304 1254 ΓΑΙΟΣ
338 1189 541 1256 ΚΛΑΥΔΙΟΣ
574 1191 767 1256 ΜΑΑΡΚΟΥ
803 1191 899 1256 ΥΙΟΣ
937 1191 1214 1275 ΜΑΑΡΚΕΛΛΟΣ,

87 1297 195 1378 quicum
228 1298 423 1362 ΜΑΑΡΚΟΥ
459 1296 511 1360 bis
544 1295 701 1378 scriptum
736 1295 771 1360 in
804 1296 900 1360 titulo
934 1296 1043 1363 Attico
1079 1300 1142 1364 881
1181 1305 1214 1364 et

87 1403 239 1468 tolmone
276 1404 471 1469 ΜΑΑΡΚΙΟν
503 1403 536 1467 in
567 1402 692 1486 Argivo
726 1403 810 1466 1131
843 1403 909 1466 iam
940 1402 1094 1469 Francius
1127 1409 1214 1470 recte

86 1509 249 1591 composuit
272 1508 376 1574 Elem.
400 1509 501 1595 epigr.
525 1530 572 1594 gr.
595 1531 627 1593 p.
646 1509 710 1574 248
735 1507 808 1573 adn.
850 1508 972 1585 Quodsi
995 1532 1033 1575 ex
1057 1511 1107 1576 his
1132 1535 1213 1598 quae

85 1615 325 1680 enumeravimus
353 1595 506 1699 apparuit
533 1617 694 1679 certorum
722 1616 891 1701 sexaginta
918 1619 951 1680 at
980 1617 1065 1702 quod
1089 1620 1214 1684 excedit

84 1744 219 1786 annornm
244 1724 355 1806 spatio
378 1721 564 1808 geminandi
593 1743 686 1785 usum
716 1721 888 1805 contineri,
916 1721 1000 1786 nihil
1025 1743 1156 1790 caussae
1179 1727 1213 1790 in

84 1827 195 1912 reliquis
223 1830 444 1894 monumentis
473 1831 577 1892 certae
605 1828 762 1911 temporis
794 1831 889 1893 notas
919 1850 985 1893 non
1017 1827 1212 1896 habentibus
1282 1869 1292 1876 -

83 1936 216 2020 reperies,
239 1958 299 2001 cur
318 1935 391 2000 illos
409 1919 490 2000 tinea
509 1933 545 1998 in
564 1934 754 1998 alterutram
772 1938 898 2018 partem
918 1935 1093 2020 egrediare.
1121 1935 1214 2004 Circa

84 2064 104 2104 a
119 2041 177 2105 620
198 2042 418 2133 Aletrinatem
441 2040 575 2104 titulum
598 2039 720 2103 factum
744 2062 823 2124 ease,
845 2041 880 2105 in
899 2062 962 2124 quo
977 2041 1157 2108 VAARVS
1181 2049 1214 2110 et

84 2146 229 2212 SEEDES
248 2149 420 2230 habentur,
435 2169 533 2231 supra
551 2145 730 2230 significavi
750 2169 779 2230 p.
797 2146 838 2211 15
853 2169 899 2232 sq.
914 2148 993 2228 [132
1004 2152 1073 2232 sq.].
1097 2151 1212 2217 Eidem

84 2253 134 2318 lere
154 2255 294 2340 tempori
318 2278 383 2319 non
405 2253 545 2318 multum
565 2251 636 2316 falli
656 2273 751 2334 poree
770 2251 917 2318 ridemur
935 2276 1006 2318 cum
1022 2278 1096 2320 arae
1110 2257 1212 2323 Iuliae

84 2358 200 2426 Bovillis
223 2367 374 2446 repertae
397 2359 629 2442 inscriptiones
652 2358 837 2443 tribuimus,
862 2357 1006 2424 LEEGE
1031 2360 1212 2428 ALBANA

83 2464 144 2546 (non
164 2467 291 2553 LEGE,
313 2489 374 2534 nec
397 2463 625 2548 ALBAANA,
655 2468 691 2529 ut
715 2468 765 2529 est
787 2465 872 2549 apud
895 2465 1052 2531 Orellium
1075 2491 1106 2532 u.
1128 2470 1210 2535 1281

84 2577 108 2634 et
127 2571 329 2641 cardinalem
351 2573 491 2658 Diplom.
517 2595 547 2656 p.
565 2569 624 2656 46)
651 2571 687 2634 in
715 2572 822 2636 antica
845 2576 952 2654 parte,
978 2621 1075 2638 .....
1090 2572 1211 2641 ΑΑΒΑ

84 2683 110 2742 ut
128 2682 249 2747 ridetur
272 2683 307 2746 in
332 2678 480 2764 laterc.*)
530 2677 600 2743 Nec
629 2677 665 2742 in
692 2679 795 2743 multo
823 2678 1039 2762 posteriorem
1070 2686 1210 2747 aetatem

83 2786 247 2852 reluctans
273 2787 420 2853 Saturnii
443 2785 514 2850 viae
536 2783 663 2867 Appiae
687 2783 883 2849 conveniunt
904 2782 1007 2849 Musei
1033 2787 1112 2869 phil.
1130 2788 1211 2854 VIII

84 2915 106 2973 p.
120 2895 176 2960 288
204 2895 285 2960 editi
317 2892 365 2976 [Ο.
389 2893 413 2958 1.
437 2893 470 2960 L.
494 2893 510 2956 1
536 2915 567 2957 n.
593 2892 692 2974 10063
720 2890 755 2955 Ρ.
772 2889 808 2956 L.
827 2889 869 2955 M.
888 2890 925 2955 E.
949 2892 1015 2956 tab.
1034 2892 1138 2961 LXIX
1153 2896 1212 2996 D],

83 2997 244 3066 11111100
269 2998 461 3066 calculo
489 3003 522 3062 et
546 2995 712 3063 SEEDES
740 2997 854 3062 formis
882 2998 1040 3084 insignes,
1072 3002 1123 3066 vel
1149 3001 1211 3068 fre-

83 3111 256 3188 quentantes
285 3107 321 3171 in
349 3104 495 3170 FAATO
523 3105 611 3170 REE
634 3103 692 3169 EE
716 3102 905 3168 NAATAM
928 3105 1082 3170 NAATA
1113 3111 1210 3194 gemi-

84 3213 227 3279 nationem
243 3213 382 3297 elegiaci
406 3233 517 3276 nersus
532 3211 618 3294 cippi
632 3209 772 3274 Romani
786 3210 870 3294 apud
886 3210 1075 3278 Fabrettum
1095 3213 1135 3298 V,
1145 3217 1209 3282 388
1260 3291 1264 3302 Ι

84 3341 105 3400 p.
119 3321 185 3403 121,
208 3319 387 3385 Gruterum
410 3342 441 3402 p.
462 3318 557 3396 1046,
575 3318 605 3402 6,
628 3315 844 3382 Muratorium
866 3341 896 3403 p.
914 3318 1009 3404 1522,
1028 3321 1049 3384 2
1073 3319 1159 3402 [(1.1.
1174 3321 1209 3388 L.

85 3425 137 3490 ln.
156 3429 264 3508 10111.
312 3427 425 3490 Altera
448 3429 600 3508 exparte
623 3427 783 3488 recentem
807 3424 965 3510 originem
992 3426 1073 3490 nihil
1102 3427 1135 3492 in
1157 3428 1209 3493 his

84 3534 184 3613 prodit:
216 3531 393 3599 PAAPVS
424 3531 503 3617 (una
531 3553 602 3595 cum
635 3527 837 3616 TEOPHIL)
867 3531 902 3595 in
934 3530 1096 3616 Oapneuai
1124 3533 1148 3598 I.
1172 3535 1209 3600 R.

84 3637 113 3701 1.
131 3641 212 3706 3846
245 3639 298 3721 [C.
316 3639 341 3704 I.
360 3638 395 3702 L.
418 3639 434 3702 I
457 3637 622 3720 n.1214]‚
652 3635 840 3702 CALAASI
863 3638 896 3700 in
920 3637 1099 3703 Puteolana
1121 3642 1209 3706 2480

84 3743 119 3822 [C.
134 3747 156 3810 1.
173 3747 206 3812 L.
221 3748 238 3812 I
257 3769 290 3811 n.
307 3745 407 3831 1234;
429 3743 464 3808 P.
483 3743 518 3810 L.
537 3742 580 3809 M.
598 3744 637 3809 E.
655 3743 721 3808 tab.
735 3742 792 3808 LX
808 3743 920 3829 G]**),
942 3744 1057 3810 PAAT
1072 3796 1079 3810 .
1093 3796 1101 3810 .
1116 3798 1123 3811 .
1138 3745 1207 3811 ΑΤ-

96 3889 101 3894 -
108 3891 275 3900 --——....-

152 3975 177 4043 *)
196 3973 250 4046 [Cf.
270 3989 345 4027 nunc
364 3971 393 4027 O.
411 3972 432 4028 l.
452 3972 481 4028 L.
500 3971 514 4024 1
536 3976 647 4038 n.80'1;
676 3971 706 4026 Ρ.
725 3971 755 4026 L.
775 3971 812 4026 Μ.
831 3971 862 4027 Ε.
889 3971 946 4030 tab.
966 3973 1028 4028 LVI
1042 3973 1083 4041 F,
1112 3973 1208 4032 Enarr.

84 4077 103 4126 n.
114 4067 150 4116 50.
184 4065 213 4119 C.
227 4063 289 4133 W.]

138 4152 176 4220 ”l
195 4151 250 4224 [cf.
270 4151 368 4205 Euarr.
388 4169 415 4219 p.
430 4156 477 4206 53:
507 4150 673 4206 ‘Puteolano
696 4150 770 4204 hune
787 4149 880 4205 locum
901 4151 1033 4218 concessi,
1052 4152 1128 4220 quod
1145 4154 1207 4208 <dit

86 4239 136 4292 teris
152 4240 288 4296 vetustis»
306 4239 440 4306 scriptum
454 4239 640 4294 Mommsenns
659 4238 889 4308 pronuntiaverat
905 4242 927 4297 1.
942 4241 973 4295 R.
989 4241 1023 4294 N.
1037 4247 1120 4296 2480:
1139 4260 1208 4311 quas

86 4331 159 4381 lumen
180 4329 266 4398 longe
293 4326 409 4398 propius
432 4330 563 4384 accedere
587 4329 623 4382 ad
646 4345 742 4383 corum
766 4329 923 4398 temporum
945 4330 1068 4400 speciem
1091 4334 1210 4402 apparet

87 4431 140 4478 ‘puae
156 4418 227 4472 circa
252 4435 278 4472 a.
299 4421 352 4472 680
375 4415 498 4472 fuerunt:
523 4417 597 4470 huuc
621 4415 695 4471 enim
719 4433 753 4470 nc
777 4416 941 4487 migremus,
970 4418 1016 4474 vix
1039 4418 1124 4473 dubia
1146 4429 1207 4477 ιδ

87 4503 219 4560 11111181
237 4504 379 4575 scriptura
396 4505 511 4563 nundet'
547 4505 578 4562 C.
593 4506 651 4576 W.]
