3048 5144
437 427 586 474 rmvuvs
608 425 827 474 nvuuruuvs.
1160 409 1200 476 91
1226 391 1230 399 ’

97 569 155 634 anui
186 569 303 654 quidem
336 571 409 636 720.
440 605 480 616 -
519 569 664 647 Quarto
706 570 777 634 loco
811 571 1056 635 admirationem
1095 575 1205 636 movet

97 675 185 759 Vpro
205 673 369 742 O'vocalis
400 678 434 742 in
456 676 675 744 HEROVLIS
698 701 725 742 v.
741 679 770 742 9.
816 676 902 742 Nam
925 667 986 743 etsi
1009 678 1042 742 in
1066 678 1204 744 declina·
1316 689 1320 699 “

95 781 164 846 tione
179 783 296 868 quidem
312 783 363 850 OS
385 788 422 850 et
432 783 494 850 OM
512 785 700 850 terminatio
719 785 806 850 ultra
825 785 953 850 initium
974 785 1093 851 saeculi
1114 785 1205 869 sexti,

95 891 116 954 si
135 890 167 954 ab
186 913 243 956 uno
266 889 494 956 SENATVOS
523 883 674 977 genetivo
702 891 886 972 recesseris,
913 911 980 956 non
1004 889 1133 956 duravit
1154 886 1205 976 (ut

95 1019 198 1082 prorsus
220 998 380 1084 singulare
404 1001 448 1064 sit
472 997 662 1066 ANTIOOO
686 1021 746 1084 pro
770 997 958 1063 Antiochum
980 997 1015 1062 in
1032 997 1068 1064 L.
1083 995 1204 1083 Scipio-

96 1106 140 1188 nis,
154 1107 318 1190 queestnris
334 1128 418 1172 anno
433 1109 508 1189 588,
527 1105 698 1192 sepulcro),
719 1110 831 1171 tamen
845 1106 879 1170 in
894 1105 1007 1171 ceteris
1023 1106 1118 1190 longe
1138 1105 1205 1171 diu·

94 1213 144 1275 tius
161 1213 307 1278 vetustior
326 1213 354 1277 0
374 1237 472 1279 sonus
496 1214 623 1278 mansit.
664 1211 733 1278 Nec
752 1213 784 1276 id
803 1211 836 1276 in
855 1211 937 1276 illud
955 1215 1083 1276 tantum
1104 1233 1206 1298 genus

94 1318 160 1383 cadit
182 1320 260 1404 quod
287 1319 329 1386 ad
357 1321 463 1404 ipsam
492 1321 626 1403 stirpem
650 1318 880 1384 vocabulorum
903 1319 1057 1403 pertinet,
1079 1321 1206 1406 velut*)

94 1427 149 1490 sola
163 1425 375 1492 POPLVCVS
399 1432 432 1492 et
454 1425 661 1493 POPLIOVS
683 1427 813 1492 tabulae
832 1425 975 1491 Bantina
999 1430 1031 1491 et
1049 1425 1205 1492 Genuatis

92 1539 194 1619 norunt,
209 1532 419 1600 POPLIOVS
436 1537 471 1598 ‘et
489 1530 701 1600 PVPLICVS
720 1537 753 1598 et
770 1531 984 1599 PVBLIOVS
1004 1533 1098 1598 simdl
1117 1534 1205 1619 leges
1215 1556 1253 1612 ‚vr

92 1640 193 1704 demun
218 1641 346 1726 agraria
374 1645 408 1706 et
433 1639 699 1726 repetundarum,
730 1663 926 1725 quamquam
953 1638 1113 1706 PVBLIO
1141 1641 1206 1705 iam

92 1747 176 1812 luerat
194 1749 225 1814 in
247 1751 395 1834 sepulcro
418 1750 454 1815 P.
477 1748 652 1834 Scipionis:
682 1749 733 1813 vel
756 1745 984 1812 NONTIARE
1014 1748 1207 1832 scripturam

92 1875 149 1916 rum
168 1839 233 1920 Scto
256 1856 295 1920 de
319 1855 439 1921 Bucen.
462 1857 514 1920 lex
537 1854 702 1939 repetund.
727 1853 912 1938 participat,
935 1855 1066 1920 tametsi
1089 1853 1208 1919 mbae

92 1959 143 2023 ian
159 1965 254 2028 exstat
267 1959 530 2028 CONSVLERE
546 1961 632 2047 quod
650 1961 717 2026 illic
730 1958 1048 2048 CONSOLERE**)
1068 1965 1151 2044 erat,
1174 1962 1208 2025 in

92 2065 237 2153 eademque
259 2073 292 2134 et
314 2067 563 2134 DETOLERJT
582 2073 615 2133 et
633 2067 886 2134 DETVLERIT
910 2068 1137 2152 scriptumest
1170 2067 1208 2131 In

92 2172 154 2255 ipsis
174 2179 273 2240 autem
301 2177 488 2241 derivativis
518 2175 653 2260 syllabis
682 2175 952 2260 quemadmodum
980 2171 1209 2239 Hunoouns

93 2279 212 2366 formam,
234 2283 331 2348 etiam
356 2306 376 2347 a
395 2283 561 2348 Prisciano
581 2283 597 2348 Ι
621 2306 651 2367 p.
666 2283 732 2347 554
751 2285 913 2365 testatem,
936 2281 1051 2347 titulus
1067 2279 1209 2346 Soranus

93 2391 192 2472 serrat,
212 2389 256 2455 ita
278 2389 455 2454 TABOLA
479 2391 648 2475 scriptura,
672 2413 754 2475 quae
778 2394 930 2455 constans
943 2393 1004 2453 'est
1022 2390 1056 2453 in
1071 2386 1146 2454 Scto
1170 2390 1209 2453 de

92 2489 158 2578 Bac,
179 2517 245 2560 aere
261 2495 405 2561 Bantino
419 2495 630 2581 Genuatique,
651 2496 821 2561 recentiori
840 2495 1018 2562 TABVLA
1037 2519 1102 2562 non
1120 2496 1209 2580 prius

93 2619 168 2681 quam
190 2603 220 2666 in
243 2603 364 2668 eisdem
388 2603 454 2668 illis
477 2604 604 2688 legibus
629 2603 759 2688 agraria
783 2607 815 2668 et
833 2603 1085 2688 repetundarum
1105 2603 1210 2688 cessit,

93 2707 134 2768 sed
153 2709 195 2772 ita
215 2713 322 2774 tamen
345 2714 390 2794 ut,
413 2730 486 2774 cum
509 2709 543 2774 in
567 2709 623 2773 illa
644 2709 741 2773 etiam
760 2709 1101 2776 TRIENTABVLllis
1124 2711 1209 2795 lega-

91 2815 141 2895 nr,
168 2813 242 2880 baec
268 2816 428 2881 recentior
462 2817 576 2896 [immo
607 2817 784 2900 antiquior,
813 2816 851 2880 cf.
876 2817 1017 2882 Monuni.
1047 2817 1147 2902 epigr.
1170 2821 1210 2884 tr.

92 2918 172 2986 liufra
187 2943 216 2986 n.
226 2921 268 3008 V)
291 2945 321 3005 p.
337 2923 357 2986 9
378 2927 411 2986 et
429 2919 462 2987 P.
477 2923 513 2986 L.
530 2923 571 2987 M.
586 2923 624 2989 Ε.
642 2922 756 2988 Enarr.
771 2946 801 3007 p.
818 2925 869 2988 27.
893 2922 927 2989 (l.
938 2925 1003 3005 W.]
1028 2925 1209 3008 promiscue

92 3023 169 3090 etiam
190 3027 361 3095 TABOLA
390 3029 541 3093 exhibeat
570 3030 860 3113 antiquitatemque
889 3030 1011 3114 pariter
1040 3034 1147 3094 servet
1177 3031 1210 3095 in

93 3128 429 3201 ooucnlnssonnls
472 3133 737 3201 SORTIOOLAS
779 3134 998 3201 SINGOLOS.
1063 3137 1210 3202 Eandem

93 3235 276 3306 uluuonos
299 3243 439 3308 formam
464 3265 517 3308 aes
537 3242 707 3308 Geuuense
732 3244 998 3308 sociavit'tameu
1022 3265 1094 3308 cum
1117 3243 1210 3310 VIN-

93 3341 224 3414 clunis
247 3351 417 3434 scriptura,
440 3351 536 3435 plane
561 3355 597 3414 ut
615 3348 791 3414 Bantinum
815 3349 1010 3415 POPOLVS
1035 3355 1067 3414 et
1085 3351 1210 3416 POPV-

94 3449 156 3518 Ll'S
183 3455 314 3541 formas,
347 3479 482 3542 quarum
512 3457 582 3522 sole
610 3457 771 3542 posterior
798 3457 832 3522 in
859 3458 988 3542 legibus
1017 3458 1147 3542 agraria
1180 3465 1211 3523 et
1301 3496 1305 3510 ·

93 3564 314 3644 repetundarum
339 3567 463 3649 regnat.
509 3562 537 3626 n
563 3563 679 3648 quibus
708 3564 856 3629 omnibus
884 3564 981 3629 facile
1010 3564 1210 3629 existimabis

93 3687 168 3746 quam
188 3676 271 3736 recte
294 3672 400 3736 dicam
423 3669 573 3734 Mummii
595 3673 801 3756 tepidarium,
827 3695 899 3736 cum
923 3670 1141 3736 HEROVLJS
1165 3673 1211 3736 in·

93 3773 204 3860 ridebat,
224 3779 256 3842 id
280 3798 382 3862 genus
407 3799 581 3861 occupasse
605 3780 690 3863 quod
714 3779 900 3861 aproximo
920 3779 970 3842 sui
990 3779 1134 3862 exemplo
1155 3781 1212 3842 aut

94 3881 185 3964 nunu
207 3889 262 3949 aut
284 3885 408 3950 maiore
432 3906 590 3950 annorum
613 3886 784 3951 intervallo
809 3884 919 3950 distet:
950 3884 1078 3968 quando
1103 3883 1212 3948 Banti-

94 4007 151 4053 uun
171 3992 374 4074 plebiscitum
397 4013 456 4057 nec
480 3997 556 4056 ante
581 4017 608 4058 a.
628 3993 693 4057 625
722 4014 781 4057 nec
809 3995 884 4076 post
907 3992 971 4056 636
996 3991 1117 4056 factum
1141 4013 1211 4055 esse

94 4113 148 4158 cum
177 4119 211 4163 ex
243 4099 380 4163 materia
412 4100 494 4184 legis
527 4122 546 4162 a
578 4099 778 4165 Mommseno
819 4099 857 4164 de
890 4099 963 4164 dial.
992 4099 1064 4163 Ital.
1093 4121 1122 4182 p.
1149 4100 1211 4164 156

94 4199 215 4267 ellectum
238 4209 288 4269 est
310 4209 380 4269 tum
404 4228 442 4270 ex
465 4205 537 4290 ipso
567 4228 714 4271 sermone
738 4209 790 4270 sat
813 4209 901 4270 certo
924 4206 1132 4291 intellegitur.
1143 4205 1212 4290 ***)

95 4315 99 4319 ·
120 4319 126 4322 ³
162 4321 347 4432 ''l-[Olilllon.
365 4363 451 4432 epigr.
471 4367 506 4418 tr.
526 4362 610 4433 (infra
623 4383 648 4418 n.
660 4363 696 4432 V)
716 4381 742 4433 p.
758 4370 781 4418 9.
821 4361 849 4417 (l.
864 4363 922 4434 W.]

147 4449 182 4514 ’ἢ
201 4449 251 4520 [cl.
270 4450 338 4506 ibid.
357 4469 388 4532 p,
400 4458 441 4534 lb.
472 4450 508 4534 .⁰·
523 4452 581 4535 W.]

138 4519 189 4587 Μ)
206 4521 259 4592 [Cf.
274 4539 346 4590 quae
361 4523 431 4578 dixit
445 4523 614 4579 Rutschelms
633 4523 662 4578 P.
678 4524 708 4578 L.
724 4523 760 4577 M.
777 4522 806 4577 Ε.
827 4523 922 4578 Enarr.
942 4541 967 4593 p.
980 4529 1027 4578 ab:
1054 4524 1100 4579 ‘dc
1118 4525 1215 4580 aelate.
