<?xml version="1.0" encoding="UTF-8"?>
<!DOCTYPE html PUBLIC "-//W3C//DTD XHTML 1.0 Transitional//EN"
    "http://www.w3.org/TR/xhtml1/DTD/xhtml1-transitional.dtd">
<html xmlns="http://www.w3.org/1999/xhtml" xml:lang="en" lang="en">
 <head>
  <title>
</title>
<meta http-equiv="Content-Type" content="text/html;charset=utf-8" />
  <meta name='ocr-system' content='tesseract 3.04.00' />
  <meta name='ocr-capabilities' content='ocr_page ocr_carea ocr_par ocr_line ocrx_word'/>
</head>
<body>
  <div class='ocr_page' id='page_1' title='image "./fridericiritsch03wachgoog_0048.png"; bbox 0 0 2948 5048; ppageno 0'>
   <div class='ocr_carea' id='block_1_1' title="bbox 434 312 1263 376">
    <p class='ocr_par' dir='ltr' id='par_1_1' title="bbox 434 312 1263 376">
     <span class='ocr_line' id='line_1_1' title="bbox 434 312 1263 376; baseline 0.008 -8"><span class='ocrx_word' id='word_1_1' title='bbox 434 321 605 370; x_wconf 76' lang='lat' dir='ltr'>nonronn</span> <span class='ocrx_word' id='word_1_2' title='bbox 627 322 772 371; x_wconf 74' lang='lat' dir='ltr'>nassum</span> <span class='ocrx_word' id='word_1_3' title='bbox 795 324 943 372; x_wconf 72' lang='lat' dir='ltr'>nonnis.</span> <span class='ocrx_word' id='word_1_4' title='bbox 1219 312 1263 376; x_wconf 78' lang='lat'>23</span> 
     </span>
    </p>
   </div>
   <div class='ocr_carea' id='block_1_2' title="bbox 49 463 1279 3216">
    <p class='ocr_par' dir='ltr' id='par_1_2' title="bbox 71 463 1261 660">
     <span class='ocr_line' id='line_1_2' title="bbox 71 463 1261 553; baseline 0.009 -28"><span class='ocrx_word' id='word_1_5' title='bbox 71 488 74 493; x_wconf 57' lang='lat'><strong><em>¹</em></strong></span> <span class='ocrx_word' id='word_1_6' title='bbox 113 463 202 527; x_wconf 90' lang='lat' dir='ltr'>milis</span> <span class='ocrx_word' id='word_1_7' title='bbox 226 469 259 528; x_wconf 92' lang='lat' dir='ltr'>et</span> <span class='ocrx_word' id='word_1_8' title='bbox 282 468 352 529; x_wconf 90' lang='lat' dir='ltr'>tam</span> <span class='ocrx_word' id='word_1_9' title='bbox 375 467 562 530; x_wconf 73' lang='lat' dir='ltr'>constanter</span> <span class='ocrx_word' id='word_1_10' title='bbox 585 467 737 551; x_wconf 80' lang='lat' dir='ltr'><strong>evaserit,</strong></span> <span class='ocrx_word' id='word_1_11' title='bbox 769 471 807 531; x_wconf 91' lang='lat' dir='ltr'>ut</span> <span class='ocrx_word' id='word_1_12' title='bbox 833 465 911 532; x_wconf 93' lang='lat' dir='ltr'>hinc</span> <span class='ocrx_word' id='word_1_13' title='bbox 941 468 1045 552; x_wconf 90' lang='lat' dir='ltr'>petito</span> <span class='ocrx_word' id='word_1_14' title='bbox 1070 475 1261 553; x_wconf 83' lang='lat' dir='ltr'>argumento</span> 
     </span>
     <span class='ocr_line' id='line_1_3' title="bbox 112 570 1122 660; baseline 0.005 -25"><span class='ocrx_word' id='word_1_15' title='bbox 112 574 181 635; x_wconf 90' lang='lat' dir='ltr'>tam</span> <span class='ocrx_word' id='word_1_16' title='bbox 206 571 302 635; x_wconf 88' lang='lat' dir='ltr'>certis</span> <span class='ocrx_word' id='word_1_17' title='bbox 327 570 608 657; x_wconf 85' lang='lat' dir='ltr'>finibuscoerceri</span> <span class='ocrx_word' id='word_1_18' title='bbox 631 574 787 656; x_wconf 88' lang='lat' dir='ltr'>temporis</span> <span class='ocrx_word' id='word_1_19' title='bbox 811 573 986 659; x_wconf 74' lang='lat' dir='ltr'>descriptio</span> <span class='ocrx_word' id='word_1_20' title='bbox 1009 576 1122 660; x_wconf 85' lang='lat' dir='ltr'>possit.</span> 
     </span>
    </p>

    <p class='ocr_par' dir='ltr' id='par_1_3' title="bbox 49 674 1279 3216">
     <span class='ocr_line' id='line_1_4' title="bbox 204 674 1260 762; baseline 0.009 -21"><span class='ocrx_word' id='word_1_21' title='bbox 204 674 266 741; x_wconf 84' lang='lat' dir='ltr'>Sed</span> <span class='ocrx_word' id='word_1_22' title='bbox 290 677 386 742; x_wconf 89' lang='lat' dir='ltr'>redeo</span> <span class='ocrx_word' id='word_1_23' title='bbox 412 676 494 743; x_wconf 89' lang='lat' dir='ltr'>uude</span> <span class='ocrx_word' id='word_1_24' title='bbox 518 699 651 743; x_wconf 90' lang='lat' dir='ltr'>exorsus</span> <span class='ocrx_word' id='word_1_25' title='bbox 681 700 766 762; x_wconf 86' lang='lat' dir='ltr'>sum,</span> <span class='ocrx_word' id='word_1_26' title='bbox 795 680 834 744; x_wconf 88' lang='lat' dir='ltr'>ad</span> <span class='ocrx_word' id='word_1_27' title='bbox 858 681 989 747; x_wconf 87' lang='lat' dir='ltr'>lacunas</span> <span class='ocrx_word' id='word_1_28' title='bbox 1014 687 1081 747; x_wconf 90' lang='lat' dir='ltr'>tam</span> <span class='ocrx_word' id='word_1_29' title='bbox 1106 685 1260 756; x_wconf 87' lang='lat' dir='ltr'>notabilis</span> 
     </span>
     <span class='ocr_line' id='line_1_5' title="bbox 112 772 1260 874; baseline 0.009 -26"><span class='ocrx_word' id='word_1_30' title='bbox 112 772 274 868; x_wconf 87' lang='lat' dir='ltr'>epitaphii</span> <span class='ocrx_word' id='word_1_31' title='bbox 302 805 375 849; x_wconf 89' lang='lat' dir='ltr'>cum</span> <span class='ocrx_word' id='word_1_32' title='bbox 403 785 637 868; x_wconf 76' lang='lat' dir='ltr'>probabilitate</span> <span class='ocrx_word' id='word_1_33' title='bbox 665 787 867 870; x_wconf 86' lang='lat' dir='ltr'>supplendas.</span> <span class='ocrx_word' id='word_1_34' title='bbox 909 786 994 853; x_wconf 90' lang='lat' dir='ltr'>Nam</span> <span class='ocrx_word' id='word_1_35' title='bbox 1019 813 1101 874; x_wconf 90' lang='lat' dir='ltr'>quae</span> <span class='ocrx_word' id='word_1_36' title='bbox 1124 791 1260 858; x_wconf 91' lang='lat' dir='ltr'>Momm-</span> 
     </span>
     <span class='ocr_line' id='line_1_6' title="bbox 111 892 1258 978; baseline 0.009 -24"><span class='ocrx_word' id='word_1_37' title='bbox 111 892 223 956; x_wconf 87' lang='lat' dir='ltr'>senius</span> <span class='ocrx_word' id='word_1_38' title='bbox 246 892 452 977; x_wconf 88' lang='lat' dir='ltr'>periclitatus</span> <span class='ocrx_word' id='word_1_39' title='bbox 475 896 533 975; x_wconf 77' lang='lat' dir='ltr'>est,</span> <span class='ocrx_word' id='word_1_40' title='bbox 557 913 696 957; x_wconf 90' lang='lat' dir='ltr'>menon</span> <span class='ocrx_word' id='word_1_41' title='bbox 720 897 871 958; x_wconf 89' lang='lat' dir='ltr'>monente</span> <span class='ocrx_word' id='word_1_42' title='bbox 898 894 1082 978; x_wconf 88' lang='lat' dir='ltr'>perspicitis</span> <span class='ocrx_word' id='word_1_43' title='bbox 1106 897 1152 962; x_wconf 90' lang='lat' dir='ltr'>ita</span> <span class='ocrx_word' id='word_1_44' title='bbox 1174 921 1258 964; x_wconf 90' lang='lat' dir='ltr'>com-</span> 
     </span>
     <span class='ocr_line' id='line_1_7' title="bbox 109 998 1259 1085; baseline 0.007 -22"><span class='ocrx_word' id='word_1_45' title='bbox 109 1002 229 1082; x_wconf 90' lang='lat' dir='ltr'>parata</span> <span class='ocrx_word' id='word_1_46' title='bbox 256 1020 340 1082; x_wconf 84' lang='lat' dir='ltr'>esse,</span> <span class='ocrx_word' id='word_1_47' title='bbox 373 1005 410 1063; x_wconf 87' lang='lat' dir='ltr'>ut</span> <span class='ocrx_word' id='word_1_48' title='bbox 439 998 524 1063; x_wconf 83' lang='lat' dir='ltr'>viam</span> <span class='ocrx_word' id='word_1_49' title='bbox 552 999 662 1082; x_wconf 89' lang='lat' dir='ltr'>potius</span> <span class='ocrx_word' id='word_1_50' title='bbox 690 999 831 1082; x_wconf 90' lang='lat' dir='ltr'>aliquam</span> <span class='ocrx_word' id='word_1_51' title='bbox 860 1000 969 1085; x_wconf 89' lang='lat' dir='ltr'>aliquo</span> <span class='ocrx_word' id='word_1_52' title='bbox 997 1003 1092 1068; x_wconf 92' lang='lat' dir='ltr'>modo</span> <span class='ocrx_word' id='word_1_53' title='bbox 1120 1005 1259 1071; x_wconf 86' lang='lat' dir='ltr'>redinte-</span> 
     </span>
     <span class='ocr_line' id='line_1_8' title="bbox 111 1104 1259 1196; baseline 0.007 -27"><span class='ocrx_word' id='word_1_54' title='bbox 111 1104 230 1189; x_wconf 83' lang='lat' dir='ltr'>grandi</span> <span class='ocrx_word' id='word_1_55' title='bbox 253 1104 371 1188; x_wconf 89' lang='lat' dir='ltr'>lapidis</span> <span class='ocrx_word' id='word_1_56' title='bbox 395 1104 542 1170; x_wconf 87' lang='lat' dir='ltr'>videatur</span> <span class='ocrx_word' id='word_1_57' title='bbox 560 1110 740 1170; x_wconf 88' lang='lat' dir='ltr'>monstrare</span> <span class='ocrx_word' id='word_1_58' title='bbox 760 1106 909 1191; x_wconf 85' lang='lat' dir='ltr'>voluisse,</span> <span class='ocrx_word' id='word_1_59' title='bbox 929 1129 1025 1191; x_wconf 88' lang='lat' dir='ltr'>quam</span> <span class='ocrx_word' id='word_1_60' title='bbox 1044 1132 1163 1193; x_wconf 89' lang='lat' dir='ltr'>ponere</span> <span class='ocrx_word' id='word_1_61' title='bbox 1178 1135 1259 1196; x_wconf 90' lang='lat' dir='ltr'>quae</span> 
     </span>
     <span class='ocr_line' id='line_1_9' title="bbox 110 1211 1258 1304; baseline 0.008 -30"><span class='ocrx_word' id='word_1_62' title='bbox 110 1234 131 1274; x_wconf 88' lang='lat' dir='ltr'>a</span> <span class='ocrx_word' id='word_1_63' title='bbox 154 1214 253 1295; x_wconf 86' lang='lat' dir='ltr'>poeta</span> <span class='ocrx_word' id='word_1_64' title='bbox 275 1211 406 1296; x_wconf 78' lang='lat' dir='ltr'>linguae</span> <span class='ocrx_word' id='word_1_65' title='bbox 429 1233 505 1276; x_wconf 91' lang='lat' dir='ltr'>suae</span> <span class='ocrx_word' id='word_1_66' title='bbox 529 1233 593 1275; x_wconf 92' lang='lat' dir='ltr'>non</span> <span class='ocrx_word' id='word_1_67' title='bbox 617 1233 751 1295; x_wconf 89' lang='lat' dir='ltr'>prorsus</span> <span class='ocrx_word' id='word_1_68' title='bbox 774 1211 889 1296; x_wconf 81' lang='lat' dir='ltr'>ignaro</span> <span class='ocrx_word' id='word_1_69' title='bbox 910 1214 1008 1278; x_wconf 87' lang='lat' dir='ltr'>scribi</span> <span class='ocrx_word' id='word_1_70' title='bbox 1026 1216 1170 1299; x_wconf 89' lang='lat' dir='ltr'>potuisse</span> <span class='ocrx_word' id='word_1_71' title='bbox 1190 1220 1258 1304; x_wconf 89' lang='lat' dir='ltr'>ipse</span> 
     </span>
     <span class='ocr_line' id='line_1_10' title="bbox 109 1315 1257 1409; baseline 0.007 -27"><span class='ocrx_word' id='word_1_72' title='bbox 109 1318 263 1382; x_wconf 86' lang='lat' dir='ltr'>crederet.</span> <span class='ocrx_word' id='word_1_73' title='bbox 308 1317 421 1400; x_wconf 90' lang='lat' dir='ltr'>Neque</span> <span class='ocrx_word' id='word_1_74' title='bbox 448 1317 534 1380; x_wconf 89' lang='lat' dir='ltr'>enim</span> <span class='ocrx_word' id='word_1_75' title='bbox 562 1320 630 1381; x_wconf 89' lang='lat' dir='ltr'>tam</span> <span class='ocrx_word' id='word_1_76' title='bbox 655 1315 784 1382; x_wconf 87' lang='lat' dir='ltr'>doctum</span> <span class='ocrx_word' id='word_1_77' title='bbox 813 1318 918 1382; x_wconf 85' lang='lat' dir='ltr'>virum</span> <span class='ocrx_word' id='word_1_78' title='bbox 946 1319 1083 1385; x_wconf 89' lang='lat' dir='ltr'>credetis</span> <span class='ocrx_word' id='word_1_79' title='bbox 1107 1323 1159 1387; x_wconf 85' lang='lat' dir='ltr'>vel</span> <span class='ocrx_word' id='word_1_80' title='bbox 1182 1348 1257 1409; x_wconf 92' lang='lat' dir='ltr'>pro-</span> 
     </span>
     <span class='ocr_line' id='line_1_11' title="bbox 109 1421 1255 1515; baseline 0.004 -24"><span class='ocrx_word' id='word_1_81' title='bbox 109 1426 261 1491; x_wconf 85' lang='lat' dir='ltr'>sodiaeae</span> <span class='ocrx_word' id='word_1_82' title='bbox 284 1424 419 1489; x_wconf 86' lang='lat' dir='ltr'>rationis</span> <span class='ocrx_word' id='word_1_83' title='bbox 443 1421 648 1487; x_wconf 85' lang='lat' dir='ltr'>vitiationem</span> <span class='ocrx_word' id='word_1_84' title='bbox 676 1422 709 1486; x_wconf 90' lang='lat' dir='ltr'>in</span> <span class='ocrx_word' id='word_1_85' title='bbox 733 1424 855 1505; x_wconf 73' lang='lat' dir='ltr'>tepenti,</span> <span class='ocrx_word' id='word_1_86' title='bbox 884 1430 993 1503; x_wconf 83' lang='lat' dir='ltr'>teneat,</span> <span class='ocrx_word' id='word_1_87' title='bbox 1021 1429 1173 1515; x_wconf 72' lang='lat' dir='ltr'>stabitne,</span> <span class='ocrx_word' id='word_1_88' title='bbox 1206 1434 1255 1496; x_wconf 86' lang='lat' dir='ltr'>vel</span> 
     </span>
     <span class='ocr_line' id='line_1_12' title="bbox 108 1530 1256 1613; baseline 0.005 -16"><span class='ocrx_word' id='word_1_89' title='bbox 108 1533 258 1597; x_wconf 87' lang='lat' dir='ltr'>hiatuum</span> <span class='ocrx_word' id='word_1_90' title='bbox 281 1532 390 1596; x_wconf 89' lang='lat' dir='ltr'>ulcera</span> <span class='ocrx_word' id='word_1_91' title='bbox 412 1530 446 1594; x_wconf 91' lang='lat' dir='ltr'>in</span> <span class='ocrx_word' id='word_1_92' title='bbox 469 1550 540 1594; x_wconf 83' lang='lat' dir='ltr'>sum</span> <span class='ocrx_word' id='word_1_93' title='bbox 560 1531 696 1613; x_wconf 76' lang='lat' dir='ltr'>adeptus,</span> <span class='ocrx_word' id='word_1_94' title='bbox 719 1531 827 1612; x_wconf 72' lang='lat' dir='ltr'>loyenti</span> <span class='ocrx_word' id='word_1_95' title='bbox 848 1532 980 1610; x_wconf 77' lang='lat' dir='ltr'>incidite,</span> <span class='ocrx_word' id='word_1_96' title='bbox 1004 1534 1054 1598; x_wconf 81' lang='lat' dir='ltr'>vel</span> <span class='ocrx_word' id='word_1_97' title='bbox 1075 1537 1256 1603; x_wconf 86' lang='lat' dir='ltr'>sententiae</span> 
     </span>
     <span class='ocr_line' id='line_1_13' title="bbox 107 1637 1256 1724; baseline 0.007 -22"><span class='ocrx_word' id='word_1_98' title='bbox 107 1639 295 1704; x_wconf 79' lang='lat' dir='ltr'>fatuitatem</span> <span class='ocrx_word' id='word_1_99' title='bbox 319 1638 606 1722; x_wconf 87' lang='lat' dir='ltr'>perversitatcmve</span> <span class='ocrx_word' id='word_1_100' title='bbox 630 1637 793 1722; x_wconf 83' lang='lat' dir='ltr'>v.14‚16‚</span> <span class='ocrx_word' id='word_1_101' title='bbox 817 1638 868 1702; x_wconf 86' lang='lat' dir='ltr'>rel</span> <span class='ocrx_word' id='word_1_102' title='bbox 893 1637 1029 1724; x_wconf 89' lang='lat' dir='ltr'>denique</span> <span class='ocrx_word' id='word_1_103' title='bbox 1052 1665 1080 1708; x_wconf 85' lang='lat' dir='ltr'>v.</span> <span class='ocrx_word' id='word_1_104' title='bbox 1104 1645 1143 1708; x_wconf 82' lang='lat'>17</span> <span class='ocrx_word' id='word_1_105' title='bbox 1168 1646 1256 1710; x_wconf 93' lang='lat' dir='ltr'>iunc-</span> 
     </span>
     <span class='ocr_line' id='line_1_14' title="bbox 106 1742 1254 1829; baseline 0.006 -19"><span class='ocrx_word' id='word_1_106' title='bbox 106 1751 216 1810; x_wconf 86' lang='lat' dir='ltr'>tarum</span> <span class='ocrx_word' id='word_1_107' title='bbox 244 1767 281 1810; x_wconf 85' lang='lat' dir='ltr'>oc</span> <span class='ocrx_word' id='word_1_108' title='bbox 307 1751 336 1810; x_wconf 87' lang='lat' dir='ltr'>et</span> <span class='ocrx_word' id='word_1_109' title='bbox 362 1742 596 1829; x_wconf 89' lang='lat' dir='ltr'>particularum</span> <span class='ocrx_word' id='word_1_110' title='bbox 628 1742 810 1807; x_wconf 89' lang='lat' dir='ltr'>barbariem</span> <span class='ocrx_word' id='word_1_111' title='bbox 838 1745 922 1810; x_wconf 90' lang='lat' dir='ltr'>serio&#39;</span> <span class='ocrx_word' id='word_1_112' title='bbox 951 1748 1092 1814; x_wconf 86' lang='lat' dir='ltr'>suasisse</span> <span class='ocrx_word' id='word_1_113' title='bbox 1120 1755 1153 1815; x_wconf 91' lang='lat' dir='ltr'>et</span> <span class='ocrx_word' id='word_1_114' title='bbox 1181 1774 1254 1817; x_wconf 90' lang='lat' dir='ltr'>con-</span> 
     </span>
     <span class='ocr_line' id='line_1_15' title="bbox 106 1849 1253 1937; baseline 0.007 -21"><span class='ocrx_word' id='word_1_115' title='bbox 106 1852 197 1917; x_wconf 92' lang='lat' dir='ltr'>sulto</span> <span class='ocrx_word' id='word_1_116' title='bbox 228 1851 478 1918; x_wconf 85' lang='lat' dir='ltr'>commendasse.</span> <span class='ocrx_word' id='word_1_117' title='bbox 528 1849 668 1934; x_wconf 81' lang='lat' dir='ltr'>Aegrius</span> <span class='ocrx_word' id='word_1_118' title='bbox 701 1849 833 1916; x_wconf 84' lang='lat' dir='ltr'>ferimus</span> <span class='ocrx_word' id='word_1_119' title='bbox 863 1851 948 1937; x_wconf 93' lang='lat' dir='ltr'>quod</span> <span class='ocrx_word' id='word_1_120' title='bbox 980 1854 1014 1917; x_wconf 90' lang='lat' dir='ltr'>in</span> <span class='ocrx_word' id='word_1_121' title='bbox 1046 1857 1253 1924; x_wconf 85' lang='lat' dir='ltr'>evanidarum</span> 
     </span>
     <span class='ocr_line' id='line_1_16' title="bbox 106 1955 1252 2043; baseline 0.007 -20"><span class='ocrx_word' id='word_1_122' title='bbox 106 1958 225 2043; x_wconf 84' lang='lat' dir='ltr'>spatiis</span> <span class='ocrx_word' id='word_1_123' title='bbox 252 1959 436 2023; x_wconf 86' lang='lat' dir='ltr'>litterarum</span> <span class='ocrx_word' id='word_1_124' title='bbox 465 1958 515 2022; x_wconf 86' lang='lat' dir='ltr'>vel</span> <span class='ocrx_word' id='word_1_125' title='bbox 543 1955 714 2040; x_wconf 83' lang='lat' dir='ltr'>pingendis</span> <span class='ocrx_word' id='word_1_126' title='bbox 745 1955 796 2020; x_wconf 87' lang='lat' dir='ltr'>vel</span> <span class='ocrx_word' id='word_1_127' title='bbox 824 1956 1021 2040; x_wconf 84' lang='lat' dir='ltr'>explicandis</span> <span class='ocrx_word' id='word_1_128' title='bbox 1052 1983 1093 2025; x_wconf 91' lang='lat' dir='ltr'>nc</span> <span class='ocrx_word' id='word_1_129' title='bbox 1116 1962 1252 2032; x_wconf 90' lang='lat' dir='ltr'>Momm-</span> 
     </span>
     <span class='ocr_line' id='line_1_17' title="bbox 49 2050 1252 2149; baseline 0.006 -19"><span class='ocrx_word' id='word_1_130' title='bbox 49 2143 57 2149; x_wconf 94' lang='lat'>.</span> <span class='ocrx_word' id='word_1_131' title='bbox 106 2050 243 2131; x_wconf 74' lang='lat' dir='ltr'>seniana</span> <span class='ocrx_word' id='word_1_132' title='bbox 266 2065 394 2149; x_wconf 91' lang='lat' dir='ltr'>quidem</span> <span class='ocrx_word' id='word_1_133' title='bbox 419 2062 589 2148; x_wconf 82' lang='lat' dir='ltr'>diligentia</span> <span class='ocrx_word' id='word_1_134' title='bbox 608 2061 704 2127; x_wconf 93' lang='lat' dir='ltr'>nobis</span> <span class='ocrx_word' id='word_1_135' title='bbox 725 2061 896 2128; x_wconf 87' lang='lat' dir='ltr'>satisfecit:</span> <span class='ocrx_word' id='word_1_136' title='bbox 919 2064 1004 2129; x_wconf 87' lang='lat' dir='ltr'>unde</span> <span class='ocrx_word' id='word_1_137' title='bbox 1023 2069 1252 2137; x_wconf 87' lang='lat' dir='ltr'>existimabitis</span> 
     </span>
     <span class='ocr_line' id='line_1_18' title="bbox 106 2167 1251 2258; baseline 0.004 -21"><span class='ocrx_word' id='word_1_138' title='bbox 106 2196 205 2258; x_wconf 90' lang='lat' dir='ltr'>quam</span> <span class='ocrx_word' id='word_1_139' title='bbox 228 2194 293 2237; x_wconf 93' lang='lat' dir='ltr'>non</span> <span class='ocrx_word' id='word_1_140' title='bbox 316 2172 384 2236; x_wconf 90' lang='lat' dir='ltr'>sine</span> <span class='ocrx_word' id='word_1_141' title='bbox 409 2192 523 2235; x_wconf 88' lang='lat' dir='ltr'>caussa</span> <span class='ocrx_word' id='word_1_142' title='bbox 547 2168 584 2233; x_wconf 91' lang='lat' dir='ltr'>de</span> <span class='ocrx_word' id='word_1_143' title='bbox 607 2167 670 2233; x_wconf 92' lang='lat' dir='ltr'>hoc</span> <span class='ocrx_word' id='word_1_144' title='bbox 693 2190 809 2255; x_wconf 80' lang='lat' dir='ltr'>genere</span> <span class='ocrx_word' id='word_1_145' title='bbox 828 2169 970 2254; x_wconf 82' lang='lat' dir='ltr'>graviter</span> <span class='ocrx_word' id='word_1_146' title='bbox 993 2173 1034 2237; x_wconf 90' lang='lat' dir='ltr'>ab</span> <span class='ocrx_word' id='word_1_147' title='bbox 1054 2174 1147 2240; x_wconf 87' lang='lat' dir='ltr'>initio</span> <span class='ocrx_word' id='word_1_148' title='bbox 1167 2198 1251 2242; x_wconf 88' lang='lat' dir='ltr'>com-</span> 
     </span>
     <span class='ocr_line' id='line_1_19' title="bbox 105 2276 1252 2365; baseline 0.004 -20"><span class='ocrx_word' id='word_1_149' title='bbox 105 2279 337 2365; x_wconf 80' lang='lat' dir='ltr'>monuerimus.</span> <span class='ocrx_word' id='word_1_150' title='bbox 368 2277 513 2343; x_wconf 87' lang='lat' dir='ltr'>Primum</span> <span class='ocrx_word' id='word_1_151' title='bbox 537 2276 622 2341; x_wconf 89' lang='lat' dir='ltr'>enim</span> <span class='ocrx_word' id='word_1_152' title='bbox 647 2298 717 2341; x_wconf 92' lang='lat' dir='ltr'>cum</span> <span class='ocrx_word' id='word_1_153' title='bbox 741 2276 775 2340; x_wconf 91' lang='lat' dir='ltr'>in</span> <span class='ocrx_word' id='word_1_154' title='bbox 799 2277 934 2362; x_wconf 84' lang='lat' dir='ltr'>singulis</span> <span class='ocrx_word' id='word_1_155' title='bbox 958 2281 1105 2347; x_wconf 86' lang='lat' dir='ltr'>versibus</span> <span class='ocrx_word' id='word_1_156' title='bbox 1125 2284 1252 2350; x_wconf 89' lang='lat' dir='ltr'>circiter</span> 
     </span>
     <span class='ocr_line' id='line_1_20' title="bbox 104 2374 1279 2474; baseline 0.005 -22"><span class='ocrx_word' id='word_1_157' title='bbox 104 2388 205 2452; x_wconf 90' lang='lat' dir='ltr'>denas</span> <span class='ocrx_word' id='word_1_158' title='bbox 229 2386 356 2451; x_wconf 89' lang='lat' dir='ltr'>litteras</span> <span class='ocrx_word' id='word_1_159' title='bbox 376 2384 509 2449; x_wconf 89' lang='lat' dir='ltr'>detritas</span> <span class='ocrx_word' id='word_1_160' title='bbox 529 2383 616 2465; x_wconf 89' lang='lat' dir='ltr'>dicit,</span> <span class='ocrx_word' id='word_1_161' title='bbox 639 2383 671 2447; x_wconf 93' lang='lat' dir='ltr'>id</span> <span class='ocrx_word' id='word_1_162' title='bbox 691 2405 757 2446; x_wconf 91' lang='lat' dir='ltr'>non</span> <span class='ocrx_word' id='word_1_163' title='bbox 775 2384 857 2447; x_wconf 91' lang='lat' dir='ltr'>satis</span> <span class='ocrx_word' id='word_1_164' title='bbox 875 2386 1069 2469; x_wconf 84' lang='lat' dir='ltr'>perspicitur</span> <span class='ocrx_word' id='word_1_165' title='bbox 1090 2393 1250 2474; x_wconf 91' lang='lat' dir='ltr'>quomodo</span> <span class='ocrx_word' id='word_1_166' title='bbox 1273 2374 1279 2383; x_wconf 43' lang='grc'>’</span> 
     </span>
     <span class='ocr_line' id='line_1_21' title="bbox 102 2489 1251 2581; baseline 0.003 -22"><span class='ocrx_word' id='word_1_167' title='bbox 102 2495 140 2559; x_wconf 92' lang='lat' dir='ltr'>in</span> <span class='ocrx_word' id='word_1_168' title='bbox 163 2494 266 2577; x_wconf 91' lang='lat' dir='ltr'>ipsius</span> <span class='ocrx_word' id='word_1_169' title='bbox 289 2493 514 2577; x_wconf 88' lang='lat' dir='ltr'>supplementa</span> <span class='ocrx_word' id='word_1_170' title='bbox 538 2489 680 2575; x_wconf 83' lang='lat' dir='ltr'>quadret,</span> <span class='ocrx_word' id='word_1_171' title='bbox 706 2512 842 2574; x_wconf 91' lang='lat' dir='ltr'>quorum</span> <span class='ocrx_word' id='word_1_172' title='bbox 865 2492 990 2556; x_wconf 92' lang='lat' dir='ltr'>nullum</span> <span class='ocrx_word' id='word_1_173' title='bbox 1014 2497 1171 2581; x_wconf 90' lang='lat' dir='ltr'>estquod</span> <span class='ocrx_word' id='word_1_174' title='bbox 1194 2522 1251 2564; x_wconf 91' lang='lat' dir='ltr'>no-</span> 
     </span>
     <span class='ocr_line' id='line_1_22' title="bbox 104 2597 1251 2682; baseline 0.005 -16"><span class='ocrx_word' id='word_1_175' title='bbox 104 2601 273 2666; x_wconf 84' lang='lat' dir='ltr'>venarium</span> <span class='ocrx_word' id='word_1_176' title='bbox 296 2620 465 2665; x_wconf 89' lang='lat' dir='ltr'>numerum</span> <span class='ocrx_word' id='word_1_177' title='bbox 489 2597 672 2662; x_wconf 88' lang='lat' dir='ltr'>litterarum</span> <span class='ocrx_word' id='word_1_178' title='bbox 697 2601 840 2681; x_wconf 83' lang='lat' dir='ltr'>superet,</span> <span class='ocrx_word' id='word_1_179' title='bbox 870 2598 1022 2682; x_wconf 87' lang='lat' dir='ltr'>pleraque</span> <span class='ocrx_word' id='word_1_180' title='bbox 1050 2601 1101 2666; x_wconf 85' lang='lat' dir='ltr'>vel</span> <span class='ocrx_word' id='word_1_181' title='bbox 1125 2604 1251 2672; x_wconf 88' lang='lat' dir='ltr'>abhoc</span> 
     </span>
     <span class='ocr_line' id='line_1_23' title="bbox 102 2701 1251 2791; baseline 0.004 -19"><span class='ocrx_word' id='word_1_182' title='bbox 102 2729 241 2773; x_wconf 90' lang='lat' dir='ltr'>numero</span> <span class='ocrx_word' id='word_1_183' title='bbox 265 2706 390 2791; x_wconf 90' lang='lat' dir='ltr'>aliquot</span> <span class='ocrx_word' id='word_1_184' title='bbox 411 2705 529 2769; x_wconf 88' lang='lat' dir='ltr'>litteris</span> <span class='ocrx_word' id='word_1_185' title='bbox 553 2704 685 2769; x_wconf 88' lang='lat' dir='ltr'>distant.</span> <span class='ocrx_word' id='word_1_186' title='bbox 720 2701 794 2768; x_wconf 91' lang='lat' dir='ltr'>Non</span> <span class='ocrx_word' id='word_1_187' title='bbox 819 2705 923 2790; x_wconf 80' lang='lat' dir='ltr'>magis</span> <span class='ocrx_word' id='word_1_188' title='bbox 947 2710 1056 2772; x_wconf 90' lang='lat' dir='ltr'>autern</span> <span class='ocrx_word' id='word_1_189' title='bbox 1079 2709 1251 2777; x_wconf 89' lang='lat' dir='ltr'>dubitatio·</span> 
     </span>
     <span class='ocr_line' id='line_1_24' title="bbox 102 2809 1250 2903; baseline 0.004 -24"><span class='ocrx_word' id='word_1_190' title='bbox 102 2836 178 2880; x_wconf 88' lang='lat' dir='ltr'>nem</span> <span class='ocrx_word' id='word_1_191' title='bbox 202 2811 422 2896; x_wconf 88' lang='lat' dir='ltr'>interpunctio</span> <span class='ocrx_word' id='word_1_192' title='bbox 444 2811 501 2875; x_wconf 88' lang='lat' dir='ltr'>illa</span> <span class='ocrx_word' id='word_1_193' title='bbox 524 2809 645 2893; x_wconf 83' lang='lat' dir='ltr'>eximit,</span> <span class='ocrx_word' id='word_1_194' title='bbox 667 2833 731 2893; x_wconf 91' lang='lat' dir='ltr'>qua</span> <span class='ocrx_word' id='word_1_195' title='bbox 754 2810 881 2874; x_wconf 88' lang='lat' dir='ltr'>litteras</span> <span class='ocrx_word' id='word_1_196' title='bbox 905 2812 1028 2877; x_wconf 86' lang='lat' dir='ltr'>lacunis</span> <span class='ocrx_word' id='word_1_197' title='bbox 1052 2815 1093 2879; x_wconf 92' lang='lat' dir='ltr'>ab</span> <span class='ocrx_word' id='word_1_198' title='bbox 1114 2820 1250 2903; x_wconf 88' lang='lat' dir='ltr'>utraque</span> 
     </span>
     <span class='ocr_line' id='line_1_25' title="bbox 101 2915 1250 3009; baseline 0.004 -25"><span class='ocrx_word' id='word_1_199' title='bbox 101 2925 196 3005; x_wconf 86' lang='lat' dir='ltr'>parte</span> <span class='ocrx_word' id='word_1_200' title='bbox 224 2919 388 3004; x_wconf 86' lang='lat' dir='ltr'>proximas</span> <span class='ocrx_word' id='word_1_201' title='bbox 416 2918 553 2983; x_wconf 85' lang='lat' dir='ltr'>notavit.</span> <span class='ocrx_word' id='word_1_202' title='bbox 598 2915 691 2981; x_wconf 87' lang='lat' dir='ltr'>Hanc</span> <span class='ocrx_word' id='word_1_203' title='bbox 719 2917 805 2980; x_wconf 90' lang='lat' dir='ltr'>enim</span> <span class='ocrx_word' id='word_1_204' title='bbox 834 2919 992 2983; x_wconf 88' lang='lat' dir='ltr'>rationem</span> <span class='ocrx_word' id='word_1_205' title='bbox 1022 2920 1049 2985; x_wconf 91' lang='lat' dir='ltr'>si</span> <span class='ocrx_word' id='word_1_206' title='bbox 1078 2925 1250 3009; x_wconf 89' lang='lat' dir='ltr'>sequimur,</span> 
     </span>
     <span class='ocr_line' id='line_1_26' title="bbox 100 3022 1249 3112; baseline 0.005 -21"><span class='ocrx_word' id='word_1_207' title='bbox 100 3027 289 3091; x_wconf 88' lang='lat' dir='ltr'>litterarum</span> <span class='ocrx_word' id='word_1_208' title='bbox 312 3026 441 3091; x_wconf 88' lang='lat' dir='ltr'>ordines</span> <span class='ocrx_word' id='word_1_209' title='bbox 464 3025 498 3088; x_wconf 91' lang='lat' dir='ltr'>in</span> <span class='ocrx_word' id='word_1_210' title='bbox 522 3023 660 3108; x_wconf 83' lang='lat' dir='ltr'>singulis</span> <span class='ocrx_word' id='word_1_211' title='bbox 679 3022 824 3088; x_wconf 89' lang='lat' dir='ltr'>versibus</span> <span class='ocrx_word' id='word_1_212' title='bbox 845 3025 957 3090; x_wconf 91' lang='lat' dir='ltr'>subter</span> <span class='ocrx_word' id='word_1_213' title='bbox 980 3048 1051 3091; x_wconf 89' lang='lat' dir='ltr'>sese</span> <span class='ocrx_word' id='word_1_214' title='bbox 1069 3030 1249 3112; x_wconf 89' lang='lat' dir='ltr'>positarum</span> 
     </span>
     <span class='ocr_line' id='line_1_27' title="bbox 100 3131 703 3216; baseline -0.008 -17"><span class='ocrx_word' id='word_1_215' title='bbox 100 3133 165 3199; x_wconf 93' lang='lat' dir='ltr'>hoc</span> <span class='ocrx_word' id='word_1_216' title='bbox 188 3132 338 3216; x_wconf 85' lang='lat' dir='ltr'>exemplo</span> <span class='ocrx_word' id='word_1_217' title='bbox 360 3131 512 3216; x_wconf 85' lang='lat' dir='ltr'>descripti</span> <span class='ocrx_word' id='word_1_218' title='bbox 535 3131 703 3214; x_wconf 85' lang='lat' dir='ltr'>prodeunt.</span> 
     </span>
    </p>
   </div>
   <div class='ocr_carea' id='block_1_3' title="bbox 182 3305 1092 4438">
    <p class='ocr_par' dir='ltr' id='par_1_4' title="bbox 182 3305 1092 4438">
     <span class='ocr_line' id='line_1_28' title="bbox 387 3305 990 3375; baseline 0.005 -3"><span class='ocrx_word' id='word_1_219' title='bbox 387 3305 990 3375; x_wconf 82' lang='lat' dir='ltr'>MlCVrISaNXIIS</span> 
     </span>
     <span class='ocr_line' id='line_1_29' title="bbox 302 3413 1092 3482; baseline 0.004 -3"><span class='ocrx_word' id='word_1_220' title='bbox 302 3416 343 3479; x_wconf 89' lang='lat'>10</span> <span class='ocrx_word' id='word_1_221' title='bbox 392 3413 1092 3482; x_wconf 83' lang='lat' dir='ltr'>RPO.....0ltIBVS.</span> 
     </span>
     <span class='ocr_line' id='line_1_30' title="bbox 391 3519 1061 3587; baseline 0.003 -2"><span class='ocrx_word' id='word_1_222' title='bbox 391 3519 451 3585; x_wconf 94' lang='lat' dir='ltr'>D.</span> <span class='ocrx_word' id='word_1_223' title='bbox 504 3583 506 3586; x_wconf 80' lang='grc'>,</span> <span class='ocrx_word' id='word_1_224' title='bbox 563 3572 571 3587; x_wconf 95' lang='grc'><strong>.</strong></span> <span class='ocrx_word' id='word_1_225' title='bbox 622 3519 1061 3587; x_wconf 81' lang='lat' dir='ltr'>....AMODVM</span> 
     </span>
     <span class='ocr_line' id='line_1_31' title="bbox 386 3627 994 3694; baseline 0.002 -2"><span class='ocrx_word' id='word_1_226' title='bbox 386 3627 461 3692; x_wconf 80' lang='lat' dir='ltr'>MA</span> <span class='ocrx_word' id='word_1_227' title='bbox 502 3677 841 3693; x_wconf 93' lang='grc'><strong>.......</strong></span> <span class='ocrx_word' id='word_1_228' title='bbox 867 3627 994 3694; x_wconf 89' lang='grc' dir='ltr'><strong>ΜΙΗΙ</strong></span> 
     </span>
     <span class='ocr_line' id='line_1_32' title="bbox 390 3732 894 3800; baseline -0.004 0"><span class='ocrx_word' id='word_1_229' title='bbox 390 3733 520 3800; x_wconf 83' lang='grc' dir='ltr'>ΒΔΤ</span> <span class='ocrx_word' id='word_1_230' title='bbox 559 3783 787 3798; x_wconf 91' lang='grc'><strong>.....</strong></span> <span class='ocrx_word' id='word_1_231' title='bbox 822 3732 894 3799; x_wconf 88' lang='grc' dir='ltr'>ΝΑ</span> 
     </span>
     <span class='ocr_line' id='line_1_33' title="bbox 392 3839 1022 3914; baseline 0.002 -9"><span class='ocrx_word' id='word_1_232' title='bbox 392 3839 1022 3914; x_wconf 80' lang='lat' dir='ltr'>OOLEG....lDlTE</span> 
     </span>
     <span class='ocr_line' id='line_1_34' title="bbox 182 3945 1032 4027; baseline 0 -15"><span class='ocrx_word' id='word_1_233' title='bbox 182 3996 198 4027; x_wconf 75' lang='grc'><strong>.</strong></span> <span class='ocrx_word' id='word_1_234' title='bbox 302 3948 343 4012; x_wconf 89' lang='grc'>15</span> <span class='ocrx_word' id='word_1_235' title='bbox 398 3945 1032 4025; x_wconf 12' lang='lat' dir='ltr'>ssu......sv1rvs</span> 
     </span>
     <span class='ocr_line' id='line_1_35' title="bbox 390 4052 1012 4119; baseline 0.002 -1"><span class='ocrx_word' id='word_1_236' title='bbox 390 4052 681 4119; x_wconf 68' lang='lat' dir='ltr'>ESOOP.</span> <span class='ocrx_word' id='word_1_237' title='bbox 728 4105 734 4117; x_wconf 99' lang='lat'>.</span> <span class='ocrx_word' id='word_1_238' title='bbox 781 4105 786 4116; x_wconf 98' lang='lat'>.</span> <span class='ocrx_word' id='word_1_239' title='bbox 834 4053 1012 4119; x_wconf 83' lang='grc' dir='ltr'>,ΝΕΑΤ</span> 
     </span>
     <span class='ocr_line' id='line_1_36' title="bbox 392 4156 991 4226; baseline 0.003 -2"><span class='ocrx_word' id='word_1_240' title='bbox 392 4156 787 4225; x_wconf 82' lang='lat' dir='ltr'>TVSEIAC.</span> <span class='ocrx_word' id='word_1_241' title='bbox 834 4160 991 4226; x_wconf 83' lang='lat' dir='ltr'>.IBVS</span> 
     </span>
     <span class='ocr_line' id='line_1_37' title="bbox 391 4265 938 4343; baseline -0.002 -11"><span class='ocrx_word' id='word_1_242' title='bbox 391 4265 628 4343; x_wconf 78' lang='lat' dir='ltr'>QVIET</span> <span class='ocrx_word' id='word_1_243' title='bbox 674 4318 681 4330; x_wconf 88' lang='lat'>.</span> <span class='ocrx_word' id='word_1_244' title='bbox 728 4318 734 4330; x_wconf 97' lang='lat'>.</span> <span class='ocrx_word' id='word_1_245' title='bbox 781 4317 787 4330; x_wconf 90' lang='lat'>.</span> <span class='ocrx_word' id='word_1_246' title='bbox 833 4266 938 4331; x_wconf 83' lang='grc' dir='ltr'>,ΕΜ</span> 
     </span>
     <span class='ocr_line' id='line_1_38' title="bbox 389 4371 916 4438; baseline 0 -1"><span class='ocrx_word' id='word_1_247' title='bbox 389 4371 561 4438; x_wconf 81' lang='lat' dir='ltr'><strong>EGVI</strong></span> <span class='ocrx_word' id='word_1_248' title='bbox 615 4423 622 4438; x_wconf 92' lang='lat'>.</span> <span class='ocrx_word' id='word_1_249' title='bbox 675 4425 680 4436; x_wconf 96' lang='lat'>.</span> <span class='ocrx_word' id='word_1_250' title='bbox 728 4425 733 4436; x_wconf 96' lang='lat'>.</span> <span class='ocrx_word' id='word_1_251' title='bbox 780 4424 786 4436; x_wconf 90' lang='lat'>.</span> <span class='ocrx_word' id='word_1_252' title='bbox 834 4373 916 4438; x_wconf 82' lang='grc' dir='ltr'>,ΙΤ</span> 
     </span>
    </p>
   </div>
   <div class='ocr_carea' id='block_1_4' title="bbox 0 0 1478 5048">
    <p class='ocr_par' dir='ltr' id='par_1_5' title="bbox 0 0 1478 5048">
     <span class='ocr_line' id='line_1_39' title="bbox 0 0 1478 5048; baseline 0 6"><span class='ocrx_word' id='word_1_253' title='bbox 0 0 1478 5048; x_wconf 95' lang='lat' dir='ltr'> </span> 
     </span>
    </p>
   </div>
  </div>
 </body>
</html>
