<?xml version="1.0" encoding="UTF-8"?>
<!DOCTYPE html PUBLIC "-//W3C//DTD XHTML 1.0 Transitional//EN"
    "http://www.w3.org/TR/xhtml1/DTD/xhtml1-transitional.dtd">
<html xmlns="http://www.w3.org/1999/xhtml" xml:lang="en" lang="en">
 <head>
  <title>
</title>
<meta http-equiv="Content-Type" content="text/html;charset=utf-8" />
  <meta name='ocr-system' content='tesseract 3.04.00' />
  <meta name='ocr-capabilities' content='ocr_page ocr_carea ocr_par ocr_line ocrx_word'/>
</head>
<body>
  <div class='ocr_page' id='page_1' title='image "./fridericiritsch03wachgoog/fridericiritsch03wachgoog_0096.png"; bbox 0 0 2948 5048; ppageno 0'>
   <div class='ocr_carea' id='block_1_1' title="bbox 372 321 1268 385">
    <p class='ocr_par' dir='ltr' id='par_1_1' title="bbox 372 321 1268 385">
     <span class='ocr_line' id='line_1_1' title="bbox 372 321 1268 385; baseline 0.01 -10"><span class='ocrx_word' id='word_1_1' title='bbox 372 321 597 382; x_wconf 62' lang='lat' dir='ltr'>,secession</span> <span class='ocrx_word' id='word_1_2' title='bbox 620 335 663 381; x_wconf 84' lang='lat' dir='ltr'>ze</span> <span class='ocrx_word' id='word_1_3' title='bbox 689 336 760 382; x_wconf 76' lang='lat' dir='ltr'>oss</span> <span class='ocrx_word' id='word_1_4' title='bbox 784 335 851 380; x_wconf 78' lang='lat' dir='ltr'>mex</span> <span class='ocrx_word' id='word_1_5' title='bbox 874 336 1012 385; x_wconf 74' lang='lat' dir='ltr'><strong>RVRRIA.</strong></span> <span class='ocrx_word' id='word_1_6' title='bbox 1229 321 1268 384; x_wconf 81' lang='lat'>71</span> 
     </span>
    </p>
   </div>
   <div class='ocr_carea' id='block_1_2' title="bbox 112 475 1322 1522">
    <p class='ocr_par' dir='ltr' id='par_1_2' title="bbox 112 475 1322 1522">
     <span class='ocr_line' id='line_1_2' title="bbox 119 475 1272 564; baseline 0.004 -25"><span class='ocrx_word' id='word_1_7' title='bbox 119 479 338 560; x_wconf 69' lang='lat' dir='ltr'>coimpiontter</span> <span class='ocrx_word' id='word_1_8' title='bbox 361 476 444 542; x_wconf 87' lang='lat' dir='ltr'>ohne</span> <span class='ocrx_word' id='word_1_9' title='bbox 467 482 558 542; x_wconf 70' lang='lat' dir='ltr'>estrei.</span> <span class='ocrx_word' id='word_1_10' title='bbox 595 475 640 540; x_wconf 81' lang='lat' dir='ltr'>Es</span> <span class='ocrx_word' id='word_1_11' title='bbox 664 477 709 541; x_wconf 85' lang='lat' dir='ltr'>ist</span> <span class='ocrx_word' id='word_1_12' title='bbox 731 499 793 541; x_wconf 86' lang='lat' dir='ltr'>nur</span> <span class='ocrx_word' id='word_1_13' title='bbox 816 477 885 542; x_wconf 86' lang='lat' dir='ltr'>eine</span> <span class='ocrx_word' id='word_1_14' title='bbox 909 477 1028 542; x_wconf 89' lang='lat' dir='ltr'>leiehte</span> <span class='ocrx_word' id='word_1_15' title='bbox 1042 478 1272 564; x_wconf 82' lang='lat' dir='ltr'>Anakoluthie,</span> 
     </span>
     <span class='ocr_line' id='line_1_3' title="bbox 119 581 1272 668; baseline 0.004 -23"><span class='ocrx_word' id='word_1_16' title='bbox 119 582 175 646; x_wconf 86' lang='lat' dir='ltr'>die</span> <span class='ocrx_word' id='word_1_17' title='bbox 199 583 231 646; x_wconf 86' lang='lat' dir='ltr'>in</span> <span class='ocrx_word' id='word_1_18' title='bbox 255 581 312 646; x_wconf 86' lang='lat' dir='ltr'>der</span> <span class='ocrx_word' id='word_1_19' title='bbox 339 582 524 668; x_wconf 67' lang='lat' dir='ltr'>gewfihlten</span> <span class='ocrx_word' id='word_1_20' title='bbox 547 581 696 667; x_wconf 79' lang='lat' dir='ltr'>Fassung</span> <span class='ocrx_word' id='word_1_21' title='bbox 724 582 819 667; x_wconf 85' lang='lat' dir='ltr'>liegt,</span> <span class='ocrx_word' id='word_1_22' title='bbox 852 584 916 647; x_wconf 91' lang='lat' dir='ltr'>und</span> <span class='ocrx_word' id='word_1_23' title='bbox 945 607 1029 649; x_wconf 83' lang='lat' dir='ltr'>zwer</span> <span class='ocrx_word' id='word_1_24' title='bbox 1057 586 1188 651; x_wconf 80' lang='lat' dir='ltr'>besteht</span> <span class='ocrx_word' id='word_1_25' title='bbox 1217 587 1272 668; x_wconf 86' lang='lat' dir='ltr'>sie,</span> 
     </span>
     <span class='ocr_line' id='line_1_4' title="bbox 113 689 1271 778; baseline 0.005 -26"><span class='ocrx_word' id='word_1_26' title='bbox 113 690 153 773; x_wconf 88' lang='lat' dir='ltr'>je</span> <span class='ocrx_word' id='word_1_27' title='bbox 176 690 335 755; x_wconf 83' lang='lat' dir='ltr'>neohdem</span> <span class='ocrx_word' id='word_1_28' title='bbox 359 712 433 755; x_wconf 80' lang='lat' dir='ltr'>men</span> <span class='ocrx_word' id='word_1_29' title='bbox 458 690 537 773; x_wconf 88' lang='lat' dir='ltr'>will,</span> <span class='ocrx_word' id='word_1_30' title='bbox 561 689 722 753; x_wconf 86' lang='lat' dir='ltr'>entweder</span> <span class='ocrx_word' id='word_1_31' title='bbox 745 689 851 774; x_wconf 85' lang='lat' dir='ltr'>darin,</span> <span class='ocrx_word' id='word_1_32' title='bbox 880 691 954 755; x_wconf 84' lang='lat' dir='ltr'>dass</span> <span class='ocrx_word' id='word_1_33' title='bbox 977 692 1068 757; x_wconf 88' lang='lat' dir='ltr'>nieht</span> <span class='ocrx_word' id='word_1_34' title='bbox 1092 693 1147 758; x_wconf 90' lang='lat' dir='ltr'>der</span> <span class='ocrx_word' id='word_1_35' title='bbox 1171 713 1271 778; x_wconf 82' lang='lat' dir='ltr'>genzo</span> 
     </span>
     <span class='ocr_line' id='line_1_5' title="bbox 118 795 1270 884; baseline 0.003 -24"><span class='ocrx_word' id='word_1_36' title='bbox 118 795 250 881; x_wconf 82' lang='lat' dir='ltr'>Begriff</span> <span class='ocrx_word' id='word_1_37' title='bbox 268 795 325 860; x_wconf 92' lang='lat' dir='ltr'>der</span> <span class='ocrx_word' id='word_1_38' title='bbox 348 796 493 861; x_wconf 84' lang='lat' dir='ltr'>Partikel</span> <span class='ocrx_word' id='word_1_39' title='bbox 517 798 601 861; x_wconf 65' lang='grc' dir='ltr'><em>κεῖνο</em></span> <span class='ocrx_word' id='word_1_40' title='bbox 623 818 696 860; x_wconf 88' lang='lat' dir='ltr'>zum</span> <span class='ocrx_word' id='word_1_41' title='bbox 710 795 855 863; x_wconf 86' lang='lat' dir='ltr'><strong>Verbum</strong></span> <span class='ocrx_word' id='word_1_42' title='bbox 878 804 961 863; x_wconf 77' lang='lat' dir='ltr'>curet</span> <span class='ocrx_word' id='word_1_43' title='bbox 983 798 1108 884; x_wconf 73' lang='lat' dir='ltr'>gehdrt,</span> <span class='ocrx_word' id='word_1_44' title='bbox 1131 801 1270 865; x_wconf 89' lang='lat' dir='ltr'>sondern</span> 
     </span>
     <span class='ocr_line' id='line_1_6' title="bbox 117 902 1270 992; baseline 0.004 -26"><span class='ocrx_word' id='word_1_45' title='bbox 117 926 161 966; x_wconf 87' lang='lat' dir='ltr'>zu</span> <span class='ocrx_word' id='word_1_46' title='bbox 190 902 311 968; x_wconf 84' lang='lat' dir='ltr'>diesem</span> <span class='ocrx_word' id='word_1_47' title='bbox 339 924 445 988; x_wconf 82' lang='lat' dir='ltr'>geneu</span> <span class='ocrx_word' id='word_1_48' title='bbox 474 923 668 987; x_wconf 82' lang='lat' dir='ltr'>genommen</span> <span class='ocrx_word' id='word_1_49' title='bbox 696 925 756 968; x_wconf 90' lang='lat' dir='ltr'>nur</span> <span class='ocrx_word' id='word_1_50' title='bbox 778 926 824 987; x_wconf 82' lang='lat' dir='ltr'>ee,</span> <span class='ocrx_word' id='word_1_51' title='bbox 857 905 908 969; x_wconf 89' lang='lat' dir='ltr'>die</span> <span class='ocrx_word' id='word_1_52' title='bbox 931 904 1096 990; x_wconf 80' lang='lat' dir='ltr'>Negation</span> <span class='ocrx_word' id='word_1_53' title='bbox 1124 905 1270 992; x_wconf 81' lang='lat' dir='ltr'>dagegen</span> 
     </span>
     <span class='ocr_line' id='line_1_7' title="bbox 118 1008 1270 1096; baseline 0.003 -22"><span class='ocrx_word' id='word_1_54' title='bbox 118 1008 281 1075; x_wconf 85' lang='lat' dir='ltr'>vielmehr</span> <span class='ocrx_word' id='word_1_55' title='bbox 303 1033 342 1074; x_wconf 88' lang='lat' dir='ltr'>zu</span> <span class='ocrx_word' id='word_1_56' title='bbox 362 1011 495 1075; x_wconf 74' lang='lat' dir='ltr'>includet</span> <span class='ocrx_word' id='word_1_57' title='bbox 512 1010 659 1093; x_wconf 73' lang='lat' dir='ltr'>omeapei3</span> <span class='ocrx_word' id='word_1_58' title='bbox 684 1009 762 1074; x_wconf 85' lang='lat' dir='ltr'>oder</span> <span class='ocrx_word' id='word_1_59' title='bbox 775 1010 853 1074; x_wconf 83' lang='lat' dir='ltr'>eber</span> <span class='ocrx_word' id='word_1_60' title='bbox 867 1010 969 1093; x_wconf 83' lang='lat' dir='ltr'>dario,</span> <span class='ocrx_word' id='word_1_61' title='bbox 993 1011 1068 1076; x_wconf 84' lang='lat' dir='ltr'>dass</span> <span class='ocrx_word' id='word_1_62' title='bbox 1087 1035 1160 1076; x_wconf 86' lang='lat' dir='ltr'>zum</span> <span class='ocrx_word' id='word_1_63' title='bbox 1174 1033 1270 1096; x_wconf 83' lang='lat' dir='ltr'>nege-</span> 
     </span>
     <span class='ocr_line' id='line_1_8' title="bbox 117 1115 1270 1184; baseline 0.003 -4"><span class='ocrx_word' id='word_1_64' title='bbox 117 1118 211 1181; x_wconf 82' lang='lat' dir='ltr'>tiven</span> <span class='ocrx_word' id='word_1_65' title='bbox 229 1116 323 1183; x_wconf 83' lang='lat' dir='ltr'>Setze</span> <span class='ocrx_word' id='word_1_66' title='bbox 341 1117 399 1181; x_wconf 83' lang='lat' dir='ltr'>des</span> <span class='ocrx_word' id='word_1_67' title='bbox 412 1115 555 1181; x_wconf 84' lang='lat' dir='ltr'>Verbum</span> <span class='ocrx_word' id='word_1_68' title='bbox 579 1121 664 1180; x_wconf 71' lang='lat' dir='ltr'>siret</span> <span class='ocrx_word' id='word_1_69' title='bbox 685 1117 875 1181; x_wconf 86' lang='lat' dir='ltr'>wiederholt</span> <span class='ocrx_word' id='word_1_70' title='bbox 901 1117 945 1181; x_wconf 89' lang='lat' dir='ltr'>ist</span> <span class='ocrx_word' id='word_1_71' title='bbox 968 1121 1049 1183; x_wconf 84' lang='lat' dir='ltr'>stett</span> <span class='ocrx_word' id='word_1_72' title='bbox 1072 1119 1160 1183; x_wconf 86' lang='lat' dir='ltr'>eines</span> <span class='ocrx_word' id='word_1_73' title='bbox 1178 1120 1270 1184; x_wconf 86' lang='lat' dir='ltr'>nieht</span> 
     </span>
     <span class='ocr_line' id='line_1_9' title="bbox 115 1211 1269 1310; baseline 0.003 -22"><span class='ocrx_word' id='word_1_74' title='bbox 115 1223 259 1306; x_wconf 79' lang='lat' dir='ltr'>activen,</span> <span class='ocrx_word' id='word_1_75' title='bbox 282 1211 420 1287; x_wconf 77' lang='lat' dir='ltr'>sonderii</span> <span class='ocrx_word' id='word_1_76' title='bbox 439 1221 590 1306; x_wconf 83' lang='lat' dir='ltr'>passiven</span> <span class='ocrx_word' id='word_1_77' title='bbox 609 1221 756 1307; x_wconf 80' lang='lat' dir='ltr'>Begriffs.</span> <span class='ocrx_word' id='word_1_78' title='bbox 780 1222 872 1287; x_wconf 84' lang='lat' dir='ltr'>Naoh</span> <span class='ocrx_word' id='word_1_79' title='bbox 891 1224 1118 1290; x_wconf 84' lang='lat' dir='ltr'>heerseharfer</span> <span class='ocrx_word' id='word_1_80' title='bbox 1134 1225 1269 1310; x_wconf 71' lang='lat' dir='ltr'>Syntu,</span> 
     </span>
     <span class='ocr_line' id='line_1_10' title="bbox 114 1327 1269 1418; baseline 0.003 -24"><span class='ocrx_word' id='word_1_81' title='bbox 114 1331 182 1394; x_wconf 86' lang='lat' dir='ltr'>wie</span> <span class='ocrx_word' id='word_1_82' title='bbox 211 1329 256 1394; x_wconf 90' lang='lat' dir='ltr'>sie</span> <span class='ocrx_word' id='word_1_83' title='bbox 284 1330 363 1394; x_wconf 84' lang='lat' dir='ltr'>eber</span> <span class='ocrx_word' id='word_1_84' title='bbox 390 1329 495 1394; x_wconf 83' lang='lat' dir='ltr'>dieser</span> <span class='ocrx_word' id='word_1_85' title='bbox 524 1327 734 1394; x_wconf 85' lang='lat' dir='ltr'>Gesetzesstil</span> <span class='ocrx_word' id='word_1_86' title='bbox 764 1330 846 1394; x_wconf 84' lang='lat' dir='ltr'>aueh</span> <span class='ocrx_word' id='word_1_87' title='bbox 874 1332 909 1395; x_wconf 91' lang='lat' dir='ltr'>in</span> <span class='ocrx_word' id='word_1_88' title='bbox 937 1332 1058 1397; x_wconf 73' lang='lat' dir='ltr'>andoin</span> <span class='ocrx_word' id='word_1_89' title='bbox 1086 1330 1269 1418; x_wconf 88' lang='lat' dir='ltr'>Beispielen</span> 
     </span>
     <span class='ocr_line' id='line_1_11' title="bbox 112 1435 1322 1522; baseline 0.003 -21"><span class='ocrx_word' id='word_1_90' title='bbox 112 1437 213 1502; x_wconf 86' lang='lat' dir='ltr'>nieht</span> <span class='ocrx_word' id='word_1_91' title='bbox 240 1436 342 1500; x_wconf 88' lang='lat' dir='ltr'>selten</span> <span class='ocrx_word' id='word_1_92' title='bbox 371 1435 604 1522; x_wconf 80' lang='lat' dir='ltr'>verleugnet*),</span> <span class='ocrx_word' id='word_1_93' title='bbox 640 1457 706 1499; x_wconf 85' lang='lat' dir='ltr'>war</span> <span class='ocrx_word' id='word_1_94' title='bbox 740 1440 833 1500; x_wconf 87' lang='lat' dir='ltr'>unter</span> <span class='ocrx_word' id='word_1_95' title='bbox 865 1437 938 1501; x_wconf 87' lang='lat' dir='ltr'>dem</span> <span class='ocrx_word' id='word_1_96' title='bbox 969 1445 1075 1504; x_wconf 86' lang='lat' dir='ltr'>ersten</span> <span class='ocrx_word' id='word_1_97' title='bbox 1105 1439 1267 1505; x_wconf 85' lang='lat' dir='ltr'>Gesiehts·</span> <span class='ocrx_word' id='word_1_98' title='bbox 1282 1458 1322 1497; x_wconf 74' lang='lat'>⁴⁵⁵</span> 
     </span>
    </p>
   </div>
   <div class='ocr_carea' id='block_1_3' title="bbox 84 1588 1363 4508">
    <p class='ocr_par' dir='ltr' id='par_1_3' title="bbox 84 1588 1363 4508">
     <span class='ocr_line' id='line_1_12' title="bbox 209 1588 1268 1664; baseline 0.004 -16"><span class='ocrx_word' id='word_1_99' title='bbox 209 1593 235 1662; x_wconf 75' lang='lat'>⁸)</span> <span class='ocrx_word' id='word_1_100' title='bbox 255 1593 346 1648; x_wconf 78' lang='lat' dir='ltr'>Dahin</span> <span class='ocrx_word' id='word_1_101' title='bbox 365 1593 480 1663; x_wconf 78' lang='lat' dir='ltr'>gehtrt,</span> <span class='ocrx_word' id='word_1_102' title='bbox 498 1611 544 1646; x_wconf 90' lang='lat' dir='ltr'>um</span> <span class='ocrx_word' id='word_1_103' title='bbox 565 1591 610 1646; x_wconf 88' lang='lat' dir='ltr'>bei</span> <span class='ocrx_word' id='word_1_104' title='bbox 625 1588 734 1645; x_wconf 78' lang='lat' dir='ltr'>u&#39;nserm</span> <span class='ocrx_word' id='word_1_105' title='bbox 750 1591 866 1647; x_wconf 84' lang='lat' dir='ltr'>Gesetze</span> <span class='ocrx_word' id='word_1_106' title='bbox 886 1594 974 1649; x_wconf 86' lang='lat' dir='ltr'>selbst</span> <span class='ocrx_word' id='word_1_107' title='bbox 987 1597 1086 1651; x_wconf 86' lang='lat' dir='ltr'>stehen</span> <span class='ocrx_word' id='word_1_108' title='bbox 1100 1616 1132 1650; x_wconf 88' lang='lat' dir='ltr'>zu</span> <span class='ocrx_word' id='word_1_109' title='bbox 1147 1597 1268 1664; x_wconf 87' lang='lat' dir='ltr'>bleiben,</span> 
     </span>
     <span class='ocr_line' id='line_1_13' title="bbox 110 1680 1268 1754; baseline 0.003 -16"><span class='ocrx_word' id='word_1_110' title='bbox 110 1704 138 1741; x_wconf 79' lang='lat' dir='ltr'>z.</span> <span class='ocrx_word' id='word_1_111' title='bbox 157 1684 188 1737; x_wconf 93' lang='lat' dir='ltr'>B.</span> <span class='ocrx_word' id='word_1_112' title='bbox 208 1682 253 1738; x_wconf 88' lang='lat' dir='ltr'>die</span> <span class='ocrx_word' id='word_1_113' title='bbox 279 1682 350 1737; x_wconf 78' lang='lat' dir='ltr'>naeh</span> <span class='ocrx_word' id='word_1_114' title='bbox 373 1682 437 1736; x_wconf 88' lang='lat' dir='ltr'>dem</span> <span class='ocrx_word' id='word_1_115' title='bbox 456 1680 610 1735; x_wconf 78' lang='lat' dir='ltr'>Msssstebe</span> <span class='ocrx_word' id='word_1_116' title='bbox 630 1680 875 1751; x_wconf 84' lang='lat' dir='ltr'>durehgebildeter</span> <span class='ocrx_word' id='word_1_117' title='bbox 892 1683 1108 1754; x_wconf 78' lang='lat' dir='ltr'>Spreehfdgung</span> <span class='ocrx_word' id='word_1_118' title='bbox 1126 1687 1197 1741; x_wconf 89' lang='lat' dir='ltr'>doeh</span> <span class='ocrx_word' id='word_1_119' title='bbox 1217 1705 1268 1741; x_wconf 87' lang='lat' dir='ltr'>nur</span> 
     </span>
     <span class='ocr_line' id='line_1_14' title="bbox 109 1769 1267 1839; baseline 0.002 -11"><span class='ocrx_word' id='word_1_120' title='bbox 109 1774 259 1828; x_wconf 83' lang='lat' dir='ltr'>incorrect</span> <span class='ocrx_word' id='word_1_121' title='bbox 271 1791 305 1826; x_wconf 82' lang='lat' dir='ltr'>zu</span> <span class='ocrx_word' id='word_1_122' title='bbox 319 1772 464 1826; x_wconf 87' lang='lat' dir='ltr'>nennende</span> <span class='ocrx_word' id='word_1_123' title='bbox 475 1770 650 1839; x_wconf 77' lang='lat' dir='ltr'>Einidhrung</span> <span class='ocrx_word' id='word_1_124' title='bbox 665 1770 713 1824; x_wconf 84' lang='lat' dir='ltr'>des</span> <span class='ocrx_word' id='word_1_125' title='bbox 727 1769 998 1827; x_wconf 80' lang='lat' dir='ltr'>Demonstrativums</span> <span class='ocrx_word' id='word_1_126' title='bbox 1017 1774 1088 1828; x_wconf 83' lang='lat' dir='ltr'><strong>nach</strong></span> <span class='ocrx_word' id='word_1_127' title='bbox 1109 1775 1170 1829; x_wconf 88' lang='lat' dir='ltr'>dem</span> <span class='ocrx_word' id='word_1_128' title='bbox 1186 1775 1267 1830; x_wconf 80' lang='lat' dir='ltr'>Rela-</span> 
     </span>
     <span class='ocr_line' id='line_1_15' title="bbox 108 1857 1268 1933; baseline 0.002 -17"><span class='ocrx_word' id='word_1_129' title='bbox 108 1862 207 1918; x_wconf 82' lang='lat' dir='ltr'>tivum</span> <span class='ocrx_word' id='word_1_130' title='bbox 226 1862 255 1915; x_wconf 87' lang='lat' dir='ltr'>in</span> <span class='ocrx_word' id='word_1_131' title='bbox 275 1860 373 1914; x_wconf 64' lang='lat' dir='ltr'>Fellen</span> <span class='ocrx_word' id='word_1_132' title='bbox 397 1859 449 1913; x_wconf 83' lang='lat' dir='ltr'>wie</span> <span class='ocrx_word' id='word_1_133' title='bbox 469 1859 502 1927; x_wconf 89' lang='lat'>11,</span> <span class='ocrx_word' id='word_1_134' title='bbox 521 1865 567 1912; x_wconf 77' lang='lat'>29:</span> <span class='ocrx_word' id='word_1_135' title='bbox 598 1857 686 1912; x_wconf 81' lang='lat' dir='ltr'>‘eam</span> <span class='ocrx_word' id='word_1_136' title='bbox 709 1875 790 1927; x_wconf 88' lang='lat' dir='ltr'>rem,</span> <span class='ocrx_word' id='word_1_137' title='bbox 819 1876 904 1928; x_wconf 86' lang='lat' dir='ltr'>queo</span> <span class='ocrx_word' id='word_1_138' title='bbox 927 1858 1041 1917; x_wconf 71' lang='lat' dir='ltr'>ite⁴ab</span> <span class='ocrx_word' id='word_1_139' title='bbox 1065 1879 1102 1917; x_wconf 91' lang='lat' dir='ltr'>eo</span> <span class='ocrx_word' id='word_1_140' title='bbox 1128 1865 1268 1933; x_wconf 84' lang='lat' dir='ltr'>petet-ur</span> 
     </span>
     <span class='ocr_line' id='line_1_16' title="bbox 108 1949 1268 2021; baseline 0.002 -15"><span class='ocrx_word' id='word_1_141' title='bbox 108 1952 203 2006; x_wconf 84' lang='lat' dir='ltr'>deve</span> <span class='ocrx_word' id='word_1_142' title='bbox 222 1968 260 2005; x_wconf 82' lang='lat' dir='ltr'>ee</span> <span class='ocrx_word' id='word_1_143' title='bbox 278 1967 312 2004; x_wconf 88' lang='lat' dir='ltr'>re</span> <span class='ocrx_word' id='word_1_144' title='bbox 331 1950 414 2018; x_wconf 82' lang='lat' dir='ltr'>(stett</span> <span class='ocrx_word' id='word_1_145' title='bbox 431 1950 494 2002; x_wconf 73' lang='lat' dir='ltr'>cleve</span> <span class='ocrx_word' id='word_1_146' title='bbox 511 1950 577 2017; x_wconf 70' lang='lat' dir='ltr'>queo)</span> <span class='ocrx_word' id='word_1_147' title='bbox 597 1965 669 2001; x_wconf 86' lang='lat' dir='ltr'>eum</span> <span class='ocrx_word' id='word_1_148' title='bbox 689 1965 725 2001; x_wconf 88' lang='lat' dir='ltr'>eo</span> <span class='ocrx_word' id='word_1_149' title='bbox 745 1949 893 2017; x_wconf 71' lang='lat' dir='ltr'>sgetm&#39;,</span> <span class='ocrx_word' id='word_1_150' title='bbox 911 1950 969 2003; x_wconf 91' lang='lat' dir='ltr'>und</span> <span class='ocrx_word' id='word_1_151' title='bbox 987 1951 1022 2019; x_wconf 91' lang='grc' dir='ltr'>ΙΙ,</span> <span class='ocrx_word' id='word_1_152' title='bbox 1042 1957 1090 2006; x_wconf 85' lang='lat'>38:</span> <span class='ocrx_word' id='word_1_153' title='bbox 1112 1952 1161 2006; x_wconf 86' lang='lat' dir='ltr'>‘de</span> <span class='ocrx_word' id='word_1_154' title='bbox 1181 1970 1231 2021; x_wconf 90' lang='lat' dir='ltr'>eo,</span> <span class='ocrx_word' id='word_1_155' title='bbox 1250 1970 1268 2007; x_wconf 81' lang='lat' dir='ltr'><strong>a</strong></span> 
     </span>
     <span class='ocr_line' id='line_1_17' title="bbox 108 2038 1266 2111; baseline 0.002 -17"><span class='ocrx_word' id='word_1_156' title='bbox 108 2057 181 2111; x_wconf 88' lang='lat' dir='ltr'>quo</span> <span class='ocrx_word' id='word_1_157' title='bbox 206 2056 244 2093; x_wconf 83' lang='lat' dir='ltr'>ea</span> <span class='ocrx_word' id='word_1_158' title='bbox 267 2056 320 2093; x_wconf 86' lang='lat' dir='ltr'>res</span> <span class='ocrx_word' id='word_1_159' title='bbox 343 2038 393 2092; x_wconf 85' lang='lat' dir='ltr'>ite</span> <span class='ocrx_word' id='word_1_160' title='bbox 415 2039 554 2106; x_wconf 86' lang='lat' dir='ltr'>petetur</span> <span class='ocrx_word' id='word_1_161' title='bbox 573 2052 716 2105; x_wconf 81' lang='lat' dir='ltr'>qnomve</span> <span class='ocrx_word' id='word_1_162' title='bbox 739 2053 776 2091; x_wconf 90' lang='lat' dir='ltr'>eo</span> <span class='ocrx_word' id='word_1_163' title='bbox 795 2039 878 2105; x_wconf 79' lang='lat' dir='ltr'>(statt</span> <span class='ocrx_word' id='word_1_164' title='bbox 894 2056 1005 2106; x_wconf 79' lang='lat' dir='ltr'>quemve</span> <span class='ocrx_word' id='word_1_165' title='bbox 1021 2045 1086 2109; x_wconf 81' lang='lat' dir='ltr'>quo)</span> <span class='ocrx_word' id='word_1_166' title='bbox 1110 2041 1148 2095; x_wconf 86' lang='lat' dir='ltr'>de</span> <span class='ocrx_word' id='word_1_167' title='bbox 1172 2057 1210 2094; x_wconf 81' lang='lat' dir='ltr'>ea</span> <span class='ocrx_word' id='word_1_168' title='bbox 1232 2059 1266 2096; x_wconf 86' lang='lat' dir='ltr'>re</span> 
     </span>
     <span class='ocr_line' id='line_1_18' title="bbox 109 2125 1267 2199; baseline 0.002 -15"><span class='ocrx_word' id='word_1_169' title='bbox 109 2131 167 2184; x_wconf 80' lang='lat' dir='ltr'>ite</span> <span class='ocrx_word' id='word_1_170' title='bbox 187 2128 337 2199; x_wconf 78' lang='lat' dir='ltr'>agetur’.</span> <span class='ocrx_word' id='word_1_171' title='bbox 374 2126 466 2181; x_wconf 77' lang='lat' dir='ltr'>Dehin</span> <span class='ocrx_word' id='word_1_172' title='bbox 484 2125 586 2195; x_wconf 76' lang='lat' dir='ltr'>gehtrt</span> <span class='ocrx_word' id='word_1_173' title='bbox 603 2125 696 2180; x_wconf 87' lang='lat' dir='ltr'>ferner</span> <span class='ocrx_word' id='word_1_174' title='bbox 714 2127 763 2180; x_wconf 89' lang='lat' dir='ltr'>der</span> <span class='ocrx_word' id='word_1_175' title='bbox 783 2127 847 2181; x_wconf 84' lang='lat' dir='ltr'>sehr</span> <span class='ocrx_word' id='word_1_176' title='bbox 864 2127 933 2182; x_wconf 86' lang='lat' dir='ltr'>freie</span> <span class='ocrx_word' id='word_1_177' title='bbox 952 2127 1099 2184; x_wconf 81' lang='lat' dir='ltr'>Gebreueh</span> <span class='ocrx_word' id='word_1_178' title='bbox 1121 2131 1169 2186; x_wconf 89' lang='lat' dir='ltr'>des</span> <span class='ocrx_word' id='word_1_179' title='bbox 1184 2132 1267 2187; x_wconf 85' lang='lat' dir='ltr'>Rele-</span> 
     </span>
     <span class='ocr_line' id='line_1_19' title="bbox 108 2215 1265 2287; baseline 0.001 -14"><span class='ocrx_word' id='word_1_180' title='bbox 108 2221 233 2287; x_wconf 84' lang='lat' dir='ltr'>tivums,</span> <span class='ocrx_word' id='word_1_181' title='bbox 256 2216 337 2271; x_wconf 88' lang='lat' dir='ltr'>nieht</span> <span class='ocrx_word' id='word_1_182' title='bbox 359 2235 411 2270; x_wconf 87' lang='lat' dir='ltr'>nur</span> <span class='ocrx_word' id='word_1_183' title='bbox 430 2215 459 2269; x_wconf 86' lang='lat' dir='ltr'>in</span> <span class='ocrx_word' id='word_1_184' title='bbox 478 2232 508 2273; x_wconf 87' lang='lat' dir='ltr'>so</span> <span class='ocrx_word' id='word_1_185' title='bbox 533 2215 620 2270; x_wconf 89' lang='lat' dir='ltr'>leieht</span> <span class='ocrx_word' id='word_1_186' title='bbox 643 2215 868 2269; x_wconf 68' lang='lat' dir='ltr'>verstendliehen</span> <span class='ocrx_word' id='word_1_187' title='bbox 886 2217 1016 2271; x_wconf 82' lang='lat' dir='ltr'>Formoln</span> <span class='ocrx_word' id='word_1_188' title='bbox 1041 2219 1094 2273; x_wconf 85' lang='lat' dir='ltr'>wie</span> <span class='ocrx_word' id='word_1_189' title='bbox 1121 2220 1154 2273; x_wconf 90' lang='lat' dir='ltr'>id</span> <span class='ocrx_word' id='word_1_190' title='bbox 1177 2220 1265 2274; x_wconf 89' lang='lat' dir='ltr'>iudi-</span> 
     </span>
     <span class='ocr_line' id='line_1_20' title="bbox 109 2304 1265 2379; baseline -0.001 -16"><span class='ocrx_word' id='word_1_191' title='bbox 109 2309 218 2377; x_wconf 85' lang='lat' dir='ltr'>cium,</span> <span class='ocrx_word' id='word_1_192' title='bbox 244 2323 310 2375; x_wconf 85' lang='lat' dir='ltr'>que</span> <span class='ocrx_word' id='word_1_193' title='bbox 333 2306 372 2360; x_wconf 92' lang='lat' dir='ltr'>de</span> <span class='ocrx_word' id='word_1_194' title='bbox 395 2323 429 2361; x_wconf 87' lang='lat' dir='ltr'>re</span> <span class='ocrx_word' id='word_1_195' title='bbox 453 2304 569 2374; x_wconf 80' lang='lat' dir='ltr'>egitur</span> <span class='ocrx_word' id='word_1_196' title='bbox 592 2304 659 2359; x_wconf 90' lang='lat' dir='ltr'>oder</span> <span class='ocrx_word' id='word_1_197' title='bbox 687 2320 724 2358; x_wconf 93' lang='lat' dir='ltr'>eo</span> <span class='ocrx_word' id='word_1_198' title='bbox 748 2304 895 2370; x_wconf 88' lang='lat' dir='ltr'>nomine,</span> <span class='ocrx_word' id='word_1_199' title='bbox 928 2323 992 2374; x_wconf 84' lang='lat' dir='ltr'>que</span> <span class='ocrx_word' id='word_1_200' title='bbox 1015 2308 1054 2362; x_wconf 90' lang='lat' dir='ltr'>de</span> <span class='ocrx_word' id='word_1_201' title='bbox 1078 2327 1111 2363; x_wconf 90' lang='lat' dir='ltr'>re</span> <span class='ocrx_word' id='word_1_202' title='bbox 1136 2309 1265 2379; x_wconf 78' lang='lat' dir='ltr'>agitur,</span> 
     </span>
     <span class='ocr_line' id='line_1_21' title="bbox 109 2391 1264 2468; baseline 0.002 -16"><span class='ocrx_word' id='word_1_203' title='bbox 109 2396 196 2452; x_wconf 86' lang='lat' dir='ltr'>nieht</span> <span class='ocrx_word' id='word_1_204' title='bbox 214 2414 266 2449; x_wconf 85' lang='lat' dir='ltr'>nur</span> <span class='ocrx_word' id='word_1_205' title='bbox 283 2394 312 2448; x_wconf 88' lang='lat' dir='ltr'>in</span> <span class='ocrx_word' id='word_1_206' title='bbox 332 2394 436 2448; x_wconf 84' lang='lat' dir='ltr'>kurzen</span> <span class='ocrx_word' id='word_1_207' title='bbox 452 2393 691 2447; x_wconf 70' lang='lat' dir='ltr'>Zwischeosittzen</span> <span class='ocrx_word' id='word_1_208' title='bbox 710 2391 761 2446; x_wconf 88' lang='lat' dir='ltr'>wie</span> <span class='ocrx_word' id='word_1_209' title='bbox 780 2393 845 2461; x_wconf 64' lang='lat' dir='ltr'>Iis</span> <span class='ocrx_word' id='word_1_210' title='bbox 864 2394 893 2447; x_wconf 83' lang='lat' dir='ltr'>‘a</span> <span class='ocrx_word' id='word_1_211' title='bbox 911 2412 1146 2466; x_wconf 86' lang='lat' dir='ltr'>quoquomque</span> <span class='ocrx_word' id='word_1_212' title='bbox 1164 2417 1264 2468; x_wconf 82' lang='lat' dir='ltr'>pecu-</span> 
     </span>
     <span class='ocr_line' id='line_1_22' title="bbox 110 2474 1265 2557; baseline 0.001 -17"><span class='ocrx_word' id='word_1_213' title='bbox 110 2485 172 2541; x_wconf 82' lang='lat' dir='ltr'>nia</span> <span class='ocrx_word' id='word_1_214' title='bbox 192 2515 224 2524; x_wconf 96' lang='lat'><em>-</em></span> <span class='ocrx_word' id='word_1_215' title='bbox 244 2477 396 2553; x_wconf 78' lang='lat' dir='ltr'>petetur,</span> <span class='ocrx_word' id='word_1_216' title='bbox 416 2500 501 2557; x_wconf 77' lang='lat' dir='ltr'>quae</span> <span class='ocrx_word' id='word_1_217' title='bbox 522 2499 574 2536; x_wconf 85' lang='lat' dir='ltr'>res</span> <span class='ocrx_word' id='word_1_218' title='bbox 593 2474 796 2549; x_wconf 75' lang='lat' dir='ltr'>(fore‘eares)</span> <span class='ocrx_word' id='word_1_219' title='bbox 816 2499 881 2536; x_wconf 91' lang='lat' dir='ltr'>non</span> <span class='ocrx_word' id='word_1_220' title='bbox 899 2483 1009 2551; x_wconf 87' lang='lat' dir='ltr'>pluris</span> <span class='ocrx_word' id='word_1_221' title='bbox 1027 2484 1078 2538; x_wconf 88' lang='lat' dir='ltr'>HS</span> <span class='ocrx_word' id='word_1_222' title='bbox 1097 2485 1153 2539; x_wconf 87' lang='lat' dir='ltr'>XV</span> <span class='ocrx_word' id='word_1_223' title='bbox 1173 2487 1265 2555; x_wconf 86' lang='lat' dir='ltr'>erit’‚</span> 
     </span>
     <span class='ocr_line' id='line_1_23' title="bbox 110 2569 1265 2640; baseline 0.002 -11"><span class='ocrx_word' id='word_1_224' title='bbox 110 2574 235 2629; x_wconf 83' lang='lat' dir='ltr'>eondern</span> <span class='ocrx_word' id='word_1_225' title='bbox 253 2570 445 2627; x_wconf 83' lang='lat' dir='ltr'>vomehmlieh</span> <span class='ocrx_word' id='word_1_226' title='bbox 464 2589 511 2624; x_wconf 79' lang='lat' dir='ltr'>zur</span> <span class='ocrx_word' id='word_1_227' title='bbox 530 2569 692 2638; x_wconf 76' lang='lat' dir='ltr'>Einleitung</span> <span class='ocrx_word' id='word_1_228' title='bbox 715 2569 791 2623; x_wconf 89' lang='lat' dir='ltr'>eines</span> <span class='ocrx_word' id='word_1_229' title='bbox 810 2571 1020 2640; x_wconf 83' lang='lat' dir='ltr'>Vordersetzes‚</span> <span class='ocrx_word' id='word_1_230' title='bbox 1045 2573 1109 2628; x_wconf 90' lang='lat' dir='ltr'>dem</span> <span class='ocrx_word' id='word_1_231' title='bbox 1133 2576 1192 2629; x_wconf 86' lang='lat' dir='ltr'>sich</span> <span class='ocrx_word' id='word_1_232' title='bbox 1216 2576 1265 2631; x_wconf 89' lang='lat' dir='ltr'>der</span> 
     </span>
     <span class='ocr_line' id='line_1_24' title="bbox 110 2648 1265 2727; baseline 0.001 -9"><span class='ocrx_word' id='word_1_233' title='bbox 110 2662 256 2718; x_wconf 78' lang='lat' dir='ltr'>Noohsstz</span> <span class='ocrx_word' id='word_1_234' title='bbox 274 2659 416 2715; x_wconf 87' lang='lat' dir='ltr'>entweder</span> <span class='ocrx_word' id='word_1_235' title='bbox 434 2658 507 2713; x_wconf 85' lang='lat' dir='ltr'>ohne</span> <span class='ocrx_word' id='word_1_236' title='bbox 525 2658 652 2712; x_wconf 77' lang='lat' dir='ltr'>Paitikel</span> <span class='ocrx_word' id='word_1_237' title='bbox 670 2657 738 2712; x_wconf 87' lang='lat' dir='ltr'>oder</span> <span class='ocrx_word' id='word_1_238' title='bbox 756 2675 839 2727; x_wconf 76' lang='lat' dir='ltr'>sogor</span> <span class='ocrx_word' id='word_1_239' title='bbox 858 2648 996 2713; x_wconf 71' lang='lat' dir='ltr'>mit&#39;tum</span> <span class='ocrx_word' id='word_1_240' title='bbox 1017 2661 1190 2717; x_wconf 85' lang='lat' dir='ltr'>ensohliesst.</span> <span class='ocrx_word' id='word_1_241' title='bbox 1229 2665 1265 2719; x_wconf 89' lang='lat' dir='ltr'>So</span> 
     </span>
     <span class='ocr_line' id='line_1_25' title="bbox 110 2747 1264 2819; baseline 0.002 -14"><span class='ocrx_word' id='word_1_242' title='bbox 110 2751 149 2819; x_wconf 97' lang='grc' dir='ltr'>ΙΙ,</span> <span class='ocrx_word' id='word_1_243' title='bbox 169 2757 217 2804; x_wconf 82' lang='lat'>19:</span> <span class='ocrx_word' id='word_1_244' title='bbox 237 2749 402 2818; x_wconf 82' lang='lat' dir='ltr'>‘quoique</span> <span class='ocrx_word' id='word_1_245' title='bbox 426 2747 464 2816; x_wconf 89' lang='lat' dir='ltr'>(d.</span> <span class='ocrx_word' id='word_1_246' title='bbox 484 2748 502 2802; x_wconf 92' lang='lat' dir='ltr'>i.</span> <span class='ocrx_word' id='word_1_247' title='bbox 520 2750 611 2817; x_wconf 73' lang='lat' dir='ltr'>eoique</span> <span class='ocrx_word' id='word_1_248' title='bbox 633 2750 705 2817; x_wconf 81' lang='lat' dir='ltr'>quis)</span> <span class='ocrx_word' id='word_1_249' title='bbox 729 2765 842 2802; x_wconf 86' lang='lat' dir='ltr'>eorum</span> <span class='ocrx_word' id='word_1_250' title='bbox 867 2766 964 2816; x_wconf 87' lang='lat' dir='ltr'>quem</span> <span class='ocrx_word' id='word_1_251' title='bbox 986 2781 1014 2788; x_wconf 96' lang='lat'>-</span> <span class='ocrx_word' id='word_1_252' title='bbox 1037 2750 1204 2819; x_wconf 82' lang='lat' dir='ltr'>duxserit‚</span> <span class='ocrx_word' id='word_1_253' title='bbox 1230 2752 1264 2807; x_wconf 91' lang='lat' dir='ltr'>id</span> 
     </span>
     <span class='ocr_line' id='line_1_26' title="bbox 110 2836 1265 2909; baseline 0.001 -14"><span class='ocrx_word' id='word_1_254' title='bbox 110 2842 144 2897; x_wconf 87' lang='lat' dir='ltr'>ei</span> <span class='ocrx_word' id='word_1_255' title='bbox 168 2839 284 2894; x_wconf 71' lang='lat' dir='ltr'>fraudi</span> <span class='ocrx_word' id='word_1_256' title='bbox 306 2857 345 2893; x_wconf 87' lang='lat' dir='ltr'>ne</span> <span class='ocrx_word' id='word_1_257' title='bbox 369 2837 470 2902; x_wconf 76' lang='lat' dir='ltr'>esto&#39;3</span> <span class='ocrx_word' id='word_1_258' title='bbox 492 2837 518 2904; x_wconf 94' lang='grc' dir='ltr'>Ι,</span> <span class='ocrx_word' id='word_1_259' title='bbox 535 2843 563 2890; x_wconf 79' lang='lat'>7:</span> <span class='ocrx_word' id='word_1_260' title='bbox 585 2836 663 2905; x_wconf 83' lang='lat' dir='ltr'>‘qus</span> <span class='ocrx_word' id='word_1_261' title='bbox 685 2836 724 2890; x_wconf 90' lang='lat' dir='ltr'>de</span> <span class='ocrx_word' id='word_1_262' title='bbox 748 2854 782 2891; x_wconf 89' lang='lat' dir='ltr'>re</span> <span class='ocrx_word' id='word_1_263' title='bbox 806 2837 950 2906; x_wconf 86' lang='lat' dir='ltr'>quisque</span> <span class='ocrx_word' id='word_1_264' title='bbox 969 2838 1006 2908; x_wconf 88' lang='lat' dir='ltr'>(d.</span> <span class='ocrx_word' id='word_1_265' title='bbox 1021 2839 1039 2892; x_wconf 92' lang='lat' dir='ltr'>i.</span> <span class='ocrx_word' id='word_1_266' title='bbox 1058 2841 1097 2893; x_wconf 81' lang='lat' dir='ltr'>eei</span> <span class='ocrx_word' id='word_1_267' title='bbox 1114 2841 1176 2909; x_wconf 76' lang='lat' dir='ltr'>quis</span> <span class='ocrx_word' id='word_1_268' title='bbox 1199 2842 1265 2896; x_wconf 89' lang='lat' dir='ltr'>oder</span> 
     </span>
     <span class='ocr_line' id='line_1_27' title="bbox 110 2926 1317 3000; baseline 0.002 -16"><span class='ocrx_word' id='word_1_269' title='bbox 110 2946 195 3000; x_wconf 78' lang='lat' dir='ltr'>quom</span> <span class='ocrx_word' id='word_1_270' title='bbox 213 2930 275 2998; x_wconf 78' lang='lat' dir='ltr'>quie</span> <span class='ocrx_word' id='word_1_271' title='bbox 292 2929 325 2981; x_wconf 77' lang='lat' dir='ltr'>de</span> <span class='ocrx_word' id='word_1_272' title='bbox 342 2944 398 2996; x_wconf 79' lang='lat' dir='ltr'>quo</span> <span class='ocrx_word' id='word_1_273' title='bbox 415 2927 454 2994; x_wconf 82' lang='lat' dir='ltr'>re)</span> <span class='ocrx_word' id='word_1_274' title='bbox 474 2928 507 2980; x_wconf 88' lang='lat' dir='ltr'>ot</span> <span class='ocrx_word' id='word_1_275' title='bbox 525 2943 543 2979; x_wconf 83' lang='lat' dir='ltr'>e</span> <span class='ocrx_word' id='word_1_276' title='bbox 561 2943 626 2994; x_wconf 88' lang='lat' dir='ltr'>quo</span> <span class='ocrx_word' id='word_1_277' title='bbox 647 2956 678 2964; x_wconf 95' lang='lat'><em>-</em></span> <span class='ocrx_word' id='word_1_278' title='bbox 694 2926 852 2994; x_wconf 83' lang='lat' dir='ltr'>accipere</span> <span class='ocrx_word' id='word_1_279' title='bbox 872 2927 967 2981; x_wconf 89' lang='lat' dir='ltr'>volet</span> <span class='ocrx_word' id='word_1_280' title='bbox 985 2931 1019 2981; x_wconf 92' lang='lat' dir='ltr'>et</span> <span class='ocrx_word' id='word_1_281' title='bbox 1033 2959 1065 2967; x_wconf 95' lang='lat'>—</span> <span class='ocrx_word' id='word_1_282' title='bbox 1082 2928 1263 2997; x_wconf 81' lang='lat' dir='ltr'>iuraverit,</span> <span class='ocrx_word' id='word_1_283' title='bbox 1313 2930 1317 2937; x_wconf 83' lang='lat'>&#39;</span> 
     </span>
     <span class='ocr_line' id='line_1_28' title="bbox 110 3015 1263 3084; baseline -0.001 -9"><span class='ocrx_word' id='word_1_284' title='bbox 110 3018 231 3075; x_wconf 83' lang='lat' dir='ltr'>tumis</span> <span class='ocrx_word' id='word_1_285' title='bbox 252 3049 282 3057; x_wconf 95' lang='lat'>-</span> <span class='ocrx_word' id='word_1_286' title='bbox 304 3016 390 3071; x_wconf 82' lang='lat' dir='ltr'>satis</span> <span class='ocrx_word' id='word_1_287' title='bbox 409 3015 489 3070; x_wconf 82' lang='lat' dir='ltr'>dore</span> <span class='ocrx_word' id='word_1_288' title='bbox 507 3015 656 3081; x_wconf 88' lang='lat' dir='ltr'>iubeto&#39;;</span> <span class='ocrx_word' id='word_1_289' title='bbox 690 3017 714 3081; x_wconf 97' lang='grc' dir='ltr'>Ι,</span> <span class='ocrx_word' id='word_1_290' title='bbox 737 3022 781 3070; x_wconf 77' lang='lat'>12:</span> <span class='ocrx_word' id='word_1_291' title='bbox 803 3016 892 3084; x_wconf 85' lang='lat' dir='ltr'>‘quei</span> <span class='ocrx_word' id='word_1_292' title='bbox 915 3034 1028 3071; x_wconf 89' lang='lat' dir='ltr'>eorum</span> <span class='ocrx_word' id='word_1_293' title='bbox 1054 3017 1104 3072; x_wconf 78' lang='lat' dir='ltr'>its</span> <span class='ocrx_word' id='word_1_294' title='bbox 1126 3036 1190 3073; x_wconf 89' lang='lat' dir='ltr'>non</span> <span class='ocrx_word' id='word_1_295' title='bbox 1214 3037 1263 3074; x_wconf 91' lang='lat' dir='ltr'>re-</span> 
     </span>
     <span class='ocr_line' id='line_1_29' title="bbox 110 3103 1263 3180; baseline 0.001 -17"><span class='ocrx_word' id='word_1_296' title='bbox 110 3104 356 3180; x_wconf 85' lang='lat' dir='ltr'>promeisserit</span> <span class='ocrx_word' id='word_1_297' title='bbox 379 3135 427 3170; x_wconf 83' lang='lat'>-‚</span> <span class='ocrx_word' id='word_1_298' title='bbox 456 3107 525 3157; x_wconf 89' lang='lat' dir='ltr'>tum</span> <span class='ocrx_word' id='word_1_299' title='bbox 554 3103 781 3172; x_wconf 74' lang='lat' dir='ltr'><strong>magistratus</strong></span> <span class='ocrx_word' id='word_1_300' title='bbox 801 3136 832 3142; x_wconf 91' lang='lat'>-—</span> <span class='ocrx_word' id='word_1_301' title='bbox 853 3105 904 3158; x_wconf 87' lang='lat' dir='ltr'>ius</span> <span class='ocrx_word' id='word_1_302' title='bbox 928 3105 1083 3161; x_wconf 85' lang='lat' dir='ltr'>deicito&#39;.</span> <span class='ocrx_word' id='word_1_303' title='bbox 1121 3107 1199 3163; x_wconf 83' lang='lat' dir='ltr'>Alles</span> <span class='ocrx_word' id='word_1_304' title='bbox 1219 3129 1263 3164; x_wconf 84' lang='lat' dir='ltr'>zu-</span> 
     </span>
     <span class='ocr_line' id='line_1_30' title="bbox 111 3191 1264 3262; baseline 0.001 -10"><span class='ocrx_word' id='word_1_305' title='bbox 111 3213 240 3253; x_wconf 74' lang='lat' dir='ltr'>sammen</span> <span class='ocrx_word' id='word_1_306' title='bbox 258 3196 310 3248; x_wconf 78' lang='lat' dir='ltr'>bet</span> <span class='ocrx_word' id='word_1_307' title='bbox 328 3211 392 3248; x_wconf 82' lang='lat' dir='ltr'>men</span> <span class='ocrx_word' id='word_1_308' title='bbox 416 3193 445 3248; x_wconf 90' lang='lat' dir='ltr'>in</span> <span class='ocrx_word' id='word_1_309' title='bbox 469 3193 518 3247; x_wconf 87' lang='lat' dir='ltr'>der</span> <span class='ocrx_word' id='word_1_310' title='bbox 542 3191 633 3246; x_wconf 88' lang='lat' dir='ltr'>sohier</span> <span class='ocrx_word' id='word_1_311' title='bbox 655 3192 901 3247; x_wconf 82' lang='lat' dir='ltr'>abenteuerliehen</span> <span class='ocrx_word' id='word_1_312' title='bbox 924 3193 1054 3262; x_wconf 82' lang='lat' dir='ltr'>Periode,</span> <span class='ocrx_word' id='word_1_313' title='bbox 1083 3196 1188 3252; x_wconf 84' lang='lat' dir='ltr'>welche</span> <span class='ocrx_word' id='word_1_314' title='bbox 1211 3200 1264 3255; x_wconf 86' lang='lat' dir='ltr'>mit</span> 
     </span>
     <span class='ocr_line' id='line_1_31' title="bbox 84 3266 1262 3354; baseline 0.002 -14"><span class='ocrx_word' id='word_1_315' title='bbox 84 3266 195 3341; x_wconf 37' lang='lat' dir='ltr'>*nieht</span> <span class='ocrx_word' id='word_1_316' title='bbox 213 3284 335 3354; x_wconf 82' lang='lat' dir='ltr'>weniger</span> <span class='ocrx_word' id='word_1_317' title='bbox 354 3283 396 3336; x_wconf 79' lang='lat' dir='ltr'>als</span> <span class='ocrx_word' id='word_1_318' title='bbox 415 3288 448 3337; x_wconf 79' lang='lat'>28</span> <span class='ocrx_word' id='word_1_319' title='bbox 468 3281 563 3336; x_wconf 87' lang='lat' dir='ltr'>Zeilen</span> <span class='ocrx_word' id='word_1_320' title='bbox 586 3282 637 3336; x_wconf 83' lang='lat' dir='ltr'>des</span> <span class='ocrx_word' id='word_1_321' title='bbox 660 3298 747 3350; x_wconf 74' lang='lat' dir='ltr'>genzo</span> <span class='ocrx_word' id='word_1_322' title='bbox 772 3285 850 3336; x_wconf 74' lang='lat' dir='ltr'>22ste</span> <span class='ocrx_word' id='word_1_323' title='bbox 870 3281 981 3352; x_wconf 82' lang='lat' dir='ltr'>Capitel</span> <span class='ocrx_word' id='word_1_324' title='bbox 1000 3283 1102 3351; x_wconf 80' lang='lat' dir='ltr'>bildet3</span> <span class='ocrx_word' id='word_1_325' title='bbox 1130 3303 1180 3340; x_wconf 82' lang='lat' dir='ltr'>eus</span> <span class='ocrx_word' id='word_1_326' title='bbox 1203 3288 1262 3343; x_wconf 83' lang='lat' dir='ltr'>drei</span> 
     </span>
     <span class='ocr_line' id='line_1_32' title="bbox 109 3360 1363 3440; baseline 0.002 -11"><span class='ocrx_word' id='word_1_327' title='bbox 109 3374 210 3429; x_wconf 82' lang='lat' dir='ltr'>lecket</span> <span class='ocrx_word' id='word_1_328' title='bbox 224 3371 395 3429; x_wconf 78' lang='lat' dir='ltr'>sneinender</span> <span class='ocrx_word' id='word_1_329' title='bbox 408 3369 552 3440; x_wconf 83' lang='lat' dir='ltr'>gereihten</span> <span class='ocrx_word' id='word_1_330' title='bbox 561 3369 693 3424; x_wconf 83' lang='lat' dir='ltr'>Gliedern</span> <span class='ocrx_word' id='word_1_331' title='bbox 707 3371 868 3439; x_wconf 86' lang='lat' dir='ltr'>bestehend,</span> <span class='ocrx_word' id='word_1_332' title='bbox 879 3372 959 3426; x_wconf 83' lang='lat' dir='ltr'>weist</span> <span class='ocrx_word' id='word_1_333' title='bbox 972 3372 1012 3426; x_wconf 88' lang='lat' dir='ltr'>sie</span> <span class='ocrx_word' id='word_1_334' title='bbox 1026 3372 1056 3426; x_wconf 91' lang='lat' dir='ltr'>in</span> <span class='ocrx_word' id='word_1_335' title='bbox 1066 3373 1150 3428; x_wconf 88' lang='lat' dir='ltr'>deren</span> <span class='ocrx_word' id='word_1_336' title='bbox 1160 3378 1262 3430; x_wconf 85' lang='lat' dir='ltr'>erstem</span> <span class='ocrx_word' id='word_1_337' title='bbox 1359 3360 1363 3367; x_wconf 65' lang='grc'><strong>’</strong></span> 
     </span>
     <span class='ocr_line' id='line_1_33' title="bbox 109 3458 1263 3531; baseline 0.002 -15"><span class='ocrx_word' id='word_1_338' title='bbox 109 3462 171 3517; x_wconf 85' lang='lat' dir='ltr'>und</span> <span class='ocrx_word' id='word_1_339' title='bbox 193 3462 332 3531; x_wconf 74' lang='lat' dir='ltr'>lttngstem</span> <span class='ocrx_word' id='word_1_340' title='bbox 358 3459 403 3514; x_wconf 87' lang='lat' dir='ltr'>ein</span> <span class='ocrx_word' id='word_1_341' title='bbox 428 3458 597 3530; x_wconf 77' lang='lat' dir='ltr'>Sstzgeffige</span> <span class='ocrx_word' id='word_1_342' title='bbox 621 3458 682 3528; x_wconf 75' lang='lat' dir='ltr'><strong>auf,</strong></span> <span class='ocrx_word' id='word_1_343' title='bbox 716 3459 766 3512; x_wconf 82' lang='lat' dir='ltr'>des</span> <span class='ocrx_word' id='word_1_344' title='bbox 790 3476 825 3513; x_wconf 83' lang='lat' dir='ltr'>en</span> <span class='ocrx_word' id='word_1_345' title='bbox 850 3460 1047 3530; x_wconf 80' lang='lat' dir='ltr'>liolperigkeit</span> <span class='ocrx_word' id='word_1_346' title='bbox 1075 3462 1181 3517; x_wconf 89' lang='lat' dir='ltr'>sehwer</span> <span class='ocrx_word' id='word_1_347' title='bbox 1204 3464 1263 3518; x_wconf 83' lang='lat' dir='ltr'>sein</span> 
     </span>
     <span class='ocr_line' id='line_1_34' title="bbox 108 3547 1262 3620; baseline 0 -13"><span class='ocrx_word' id='word_1_348' title='bbox 108 3550 294 3607; x_wconf 73' lang='lat' dir='ltr'>Seitenstflek</span> <span class='ocrx_word' id='word_1_349' title='bbox 312 3549 404 3604; x_wconf 87' lang='lat' dir='ltr'>finden</span> <span class='ocrx_word' id='word_1_350' title='bbox 423 3547 506 3603; x_wconf 81' lang='lat' dir='ltr'>wird:</span> <span class='ocrx_word' id='word_1_351' title='bbox 532 3549 567 3601; x_wconf 84' lang='lat' dir='ltr'>‘A</span> <span class='ocrx_word' id='word_1_352' title='bbox 591 3566 654 3617; x_wconf 87' lang='lat' dir='ltr'>quo</span> <span class='ocrx_word' id='word_1_353' title='bbox 679 3547 761 3618; x_wconf 87' lang='lat' dir='ltr'>quid</span> <span class='ocrx_word' id='word_1_354' title='bbox 788 3581 811 3588; x_wconf 85' lang='lat'><em>-</em></span> <span class='ocrx_word' id='word_1_355' title='bbox 832 3551 983 3618; x_wconf 87' lang='lat' dir='ltr'>petetur,</span> <span class='ocrx_word' id='word_1_356' title='bbox 1008 3550 1140 3618; x_wconf 83' lang='lat' dir='ltr'>quodve</span> <span class='ocrx_word' id='word_1_357' title='bbox 1163 3569 1262 3620; x_wconf 88' lang='lat' dir='ltr'>quom</span> 
     </span>
     <span class='ocr_line' id='line_1_35' title="bbox 108 3637 1262 3710; baseline -0.002 -14"><span class='ocrx_word' id='word_1_358' title='bbox 108 3658 150 3697; x_wconf 87' lang='lat' dir='ltr'>eo</span> <span class='ocrx_word' id='word_1_359' title='bbox 170 3641 305 3710; x_wconf 79' lang='lat' dir='ltr'>egetur,</span> <span class='ocrx_word' id='word_1_360' title='bbox 324 3654 410 3708; x_wconf 79' lang='lat' dir='ltr'>quoe</span> <span class='ocrx_word' id='word_1_361' title='bbox 429 3656 482 3693; x_wconf 82' lang='lat' dir='ltr'>res</span> <span class='ocrx_word' id='word_1_362' title='bbox 501 3655 566 3692; x_wconf 89' lang='lat' dir='ltr'>non</span> <span class='ocrx_word' id='word_1_363' title='bbox 584 3637 694 3708; x_wconf 87' lang='lat' dir='ltr'>pluris</span> <span class='ocrx_word' id='word_1_364' title='bbox 714 3681 720 3692; x_wconf 92' lang='lat'><strong><em>.</em></strong></span> <span class='ocrx_word' id='word_1_365' title='bbox 741 3683 746 3693; x_wconf 94' lang='lat'>.</span> <span class='ocrx_word' id='word_1_366' title='bbox 767 3637 846 3705; x_wconf 90' lang='lat' dir='ltr'>erit,</span> <span class='ocrx_word' id='word_1_367' title='bbox 871 3641 904 3693; x_wconf 91' lang='lat' dir='ltr'>et</span> <span class='ocrx_word' id='word_1_368' title='bbox 923 3638 972 3693; x_wconf 84' lang='lat' dir='ltr'>sei</span> <span class='ocrx_word' id='word_1_369' title='bbox 992 3656 1030 3694; x_wconf 84' lang='lat' dir='ltr'>ee</span> <span class='ocrx_word' id='word_1_370' title='bbox 1053 3657 1105 3694; x_wconf 91' lang='lat' dir='ltr'>res</span> <span class='ocrx_word' id='word_1_371' title='bbox 1124 3639 1203 3708; x_wconf 86' lang='lat' dir='ltr'>erit,</span> <span class='ocrx_word' id='word_1_372' title='bbox 1223 3641 1262 3695; x_wconf 90' lang='lat' dir='ltr'>de</span> 
     </span>
     <span class='ocr_line' id='line_1_36' title="bbox 108 3726 1262 3799; baseline 0.001 -17"><span class='ocrx_word' id='word_1_373' title='bbox 108 3744 179 3799; x_wconf 78' lang='lat' dir='ltr'>que</span> <span class='ocrx_word' id='word_1_374' title='bbox 203 3759 230 3766; x_wconf 85' lang='lat'>—</span> <span class='ocrx_word' id='word_1_375' title='bbox 250 3726 302 3782; x_wconf 84' lang='lat' dir='ltr'>ius</span> <span class='ocrx_word' id='word_1_376' title='bbox 320 3727 433 3783; x_wconf 87' lang='lat' dir='ltr'>deieei</span> <span class='ocrx_word' id='word_1_377' title='bbox 453 3726 644 3798; x_wconf 73' lang='lat' dir='ltr'>oportebit:</span> <span class='ocrx_word' id='word_1_378' title='bbox 668 3728 717 3781; x_wconf 90' lang='lat' dir='ltr'>sei</span> <span class='ocrx_word' id='word_1_379' title='bbox 740 3727 769 3781; x_wconf 90' lang='lat' dir='ltr'>is</span> <span class='ocrx_word' id='word_1_380' title='bbox 793 3744 865 3781; x_wconf 78' lang='lat' dir='ltr'>eom</span> <span class='ocrx_word' id='word_1_381' title='bbox 884 3744 964 3795; x_wconf 85' lang='lat' dir='ltr'>rem,</span> <span class='ocrx_word' id='word_1_382' title='bbox 987 3744 1076 3796; x_wconf 81' lang='lat' dir='ltr'>quae</span> <span class='ocrx_word' id='word_1_383' title='bbox 1095 3728 1146 3782; x_wconf 82' lang='lat' dir='ltr'>ite</span> <span class='ocrx_word' id='word_1_384' title='bbox 1164 3730 1205 3782; x_wconf 88' lang='lat' dir='ltr'>eb</span> <span class='ocrx_word' id='word_1_385' title='bbox 1225 3746 1262 3784; x_wconf 92' lang='lat' dir='ltr'>eo</span> 
     </span>
     <span class='ocr_line' id='line_1_37' title="bbox 108 3815 1262 3887; baseline 0.001 -17"><span class='ocrx_word' id='word_1_386' title='bbox 108 3817 251 3887; x_wconf 85' lang='lat' dir='ltr'>petetur</span> <span class='ocrx_word' id='word_1_387' title='bbox 273 3815 357 3871; x_wconf 85' lang='lat' dir='ltr'>deve</span> <span class='ocrx_word' id='word_1_388' title='bbox 376 3833 415 3871; x_wconf 82' lang='lat' dir='ltr'>es</span> <span class='ocrx_word' id='word_1_389' title='bbox 433 3834 468 3870; x_wconf 87' lang='lat' dir='ltr'>re</span> <span class='ocrx_word' id='word_1_390' title='bbox 487 3834 559 3871; x_wconf 86' lang='lat' dir='ltr'>eum</span> <span class='ocrx_word' id='word_1_391' title='bbox 582 3834 619 3871; x_wconf 93' lang='lat' dir='ltr'>eo</span> <span class='ocrx_word' id='word_1_392' title='bbox 643 3819 777 3887; x_wconf 76' lang='lat' dir='ltr'>egetur,</span> <span class='ocrx_word' id='word_1_393' title='bbox 806 3816 836 3870; x_wconf 88' lang='lat' dir='ltr'>ei</span> <span class='ocrx_word' id='word_1_394' title='bbox 860 3815 939 3886; x_wconf 86' lang='lat' dir='ltr'>quei</span> <span class='ocrx_word' id='word_1_395' title='bbox 963 3833 1033 3871; x_wconf 81' lang='lat' dir='ltr'>eam</span> <span class='ocrx_word' id='word_1_396' title='bbox 1057 3818 1154 3886; x_wconf 89' lang='lat' dir='ltr'>petet</span> <span class='ocrx_word' id='word_1_397' title='bbox 1177 3817 1262 3871; x_wconf 84' lang='lat' dir='ltr'>deve</span> 
     </span>
     <span class='ocr_line' id='line_1_38' title="bbox 108 3904 1261 3974; baseline 0 -13"><span class='ocrx_word' id='word_1_398' title='bbox 108 3923 150 3961; x_wconf 76' lang='lat' dir='ltr'>ea</span> <span class='ocrx_word' id='word_1_399' title='bbox 168 3922 204 3959; x_wconf 90' lang='lat' dir='ltr'>re</span> <span class='ocrx_word' id='word_1_400' title='bbox 223 3907 314 3974; x_wconf 76' lang='lat' dir='ltr'>eget,</span> <span class='ocrx_word' id='word_1_401' title='bbox 334 3906 394 3959; x_wconf 79' lang='lat' dir='ltr'>aut</span> <span class='ocrx_word' id='word_1_402' title='bbox 410 3904 457 3959; x_wconf 89' lang='lat' dir='ltr'>iei</span> <span class='ocrx_word' id='word_1_403' title='bbox 475 3904 596 3973; x_wconf 90' lang='lat' dir='ltr'>quoius</span> <span class='ocrx_word' id='word_1_404' title='bbox 615 3904 748 3959; x_wconf 88' lang='lat' dir='ltr'>nomine</span> <span class='ocrx_word' id='word_1_405' title='bbox 773 3905 813 3959; x_wconf 78' lang='lat' dir='ltr'>ab</span> <span class='ocrx_word' id='word_1_406' title='bbox 838 3922 876 3960; x_wconf 94' lang='lat' dir='ltr'>eo</span> <span class='ocrx_word' id='word_1_407' title='bbox 895 3908 1033 3974; x_wconf 88' lang='lat' dir='ltr'>petetur</span> <span class='ocrx_word' id='word_1_408' title='bbox 1057 3922 1201 3974; x_wconf 86' lang='lat' dir='ltr'>quomve</span> <span class='ocrx_word' id='word_1_409' title='bbox 1224 3923 1261 3961; x_wconf 92' lang='lat' dir='ltr'>eo</span> 
     </span>
     <span class='ocr_line' id='line_1_39' title="bbox 107 3993 1261 4065; baseline 0.001 -17"><span class='ocrx_word' id='word_1_410' title='bbox 107 3996 250 4065; x_wconf 81' lang='lat' dir='ltr'>egetur,</span> <span class='ocrx_word' id='word_1_411' title='bbox 272 3993 306 4047; x_wconf 85' lang='lat' dir='ltr'>in</span> <span class='ocrx_word' id='word_1_412' title='bbox 330 3994 404 4048; x_wconf 91' lang='lat' dir='ltr'>iure</span> <span class='ocrx_word' id='word_1_413' title='bbox 427 4024 461 4032; x_wconf 95' lang='lat'><em>-</em></span> <span class='ocrx_word' id='word_1_414' title='bbox 481 4024 512 4033; x_wconf 91' lang='lat'>-</span> <span class='ocrx_word' id='word_1_415' title='bbox 538 3993 718 4048; x_wconf 82' lang='lat' dir='ltr'>confessus</span> <span class='ocrx_word' id='word_1_416' title='bbox 742 3994 809 4048; x_wconf 87' lang='lat' dir='ltr'>erit</span> <span class='ocrx_word' id='word_1_417' title='bbox 832 4012 941 4063; x_wconf 88' lang='lat' dir='ltr'>neque</span> <span class='ocrx_word' id='word_1_418' title='bbox 965 4026 997 4034; x_wconf 94' lang='lat'>-</span> <span class='ocrx_word' id='word_1_419' title='bbox 1023 4025 1054 4033; x_wconf 93' lang='lat'>—</span> <span class='ocrx_word' id='word_1_420' title='bbox 1081 3993 1261 4049; x_wconf 84' lang='lat' dir='ltr'>defendet:</span> 
     </span>
     <span class='ocr_line' id='line_1_40' title="bbox 106 4081 1262 4152; baseline 0 -14"><span class='ocrx_word' id='word_1_421' title='bbox 106 4087 180 4138; x_wconf 89' lang='lat' dir='ltr'>tum</span> <span class='ocrx_word' id='word_1_422' title='bbox 201 4081 241 4136; x_wconf 90' lang='lat' dir='ltr'>de</span> <span class='ocrx_word' id='word_1_423' title='bbox 261 4099 311 4149; x_wconf 87' lang='lat' dir='ltr'>eo,</span> <span class='ocrx_word' id='word_1_424' title='bbox 334 4099 353 4137; x_wconf 82' lang='lat' dir='ltr'>e</span> <span class='ocrx_word' id='word_1_425' title='bbox 370 4100 436 4152; x_wconf 92' lang='lat' dir='ltr'>quo</span> <span class='ocrx_word' id='word_1_426' title='bbox 454 4098 493 4136; x_wconf 78' lang='lat' dir='ltr'>ea</span> <span class='ocrx_word' id='word_1_427' title='bbox 511 4097 563 4136; x_wconf 84' lang='lat' dir='ltr'>res</span> <span class='ocrx_word' id='word_1_428' title='bbox 587 4081 637 4136; x_wconf 81' lang='lat' dir='ltr'>ite</span> <span class='ocrx_word' id='word_1_429' title='bbox 654 4085 794 4152; x_wconf 88' lang='lat' dir='ltr'>petetur</span> <span class='ocrx_word' id='word_1_430' title='bbox 813 4100 953 4151; x_wconf 85' lang='lat' dir='ltr'>quemve</span> <span class='ocrx_word' id='word_1_431' title='bbox 979 4100 1015 4136; x_wconf 80' lang='lat' dir='ltr'>oo</span> <span class='ocrx_word' id='word_1_432' title='bbox 1039 4083 1078 4136; x_wconf 91' lang='lat' dir='ltr'>de</span> <span class='ocrx_word' id='word_1_433' title='bbox 1103 4099 1192 4137; x_wconf 81' lang='lat' dir='ltr'>esre</span> <span class='ocrx_word' id='word_1_434' title='bbox 1212 4083 1262 4138; x_wconf 81' lang='lat' dir='ltr'>ita</span> 
     </span>
     <span class='ocr_line' id='line_1_41' title="bbox 107 4169 1261 4243; baseline 0.003 -17"><span class='ocrx_word' id='word_1_435' title='bbox 107 4174 248 4242; x_wconf 76' lang='lat' dir='ltr'>agetur,</span> <span class='ocrx_word' id='word_1_436' title='bbox 272 4171 379 4242; x_wconf 87' lang='lat' dir='ltr'>deque</span> <span class='ocrx_word' id='word_1_437' title='bbox 402 4187 440 4224; x_wconf 94' lang='lat' dir='ltr'>eo</span> <span class='ocrx_word' id='word_1_438' title='bbox 464 4169 544 4240; x_wconf 86' lang='lat' dir='ltr'>quoi</span> <span class='ocrx_word' id='word_1_439' title='bbox 567 4188 636 4225; x_wconf 80' lang='lat' dir='ltr'>eam</span> <span class='ocrx_word' id='word_1_440' title='bbox 661 4189 728 4225; x_wconf 88' lang='lat' dir='ltr'>rem</span> <span class='ocrx_word' id='word_1_441' title='bbox 753 4170 825 4225; x_wconf 86' lang='lat' dir='ltr'>dari</span> <span class='ocrx_word' id='word_1_442' title='bbox 847 4203 878 4211; x_wconf 98' lang='lat'><em>-</em></span> <span class='ocrx_word' id='word_1_443' title='bbox 899 4172 1091 4241; x_wconf 74' lang='lat' dir='ltr'>oportebit,</span> <span class='ocrx_word' id='word_1_444' title='bbox 1115 4173 1261 4243; x_wconf 79' lang='lat' dir='ltr'>siremps</span> 
     </span>
     <span class='ocr_line' id='line_1_42' title="bbox 106 4260 1260 4328; baseline 0 -13"><span class='ocrx_word' id='word_1_445' title='bbox 106 4263 163 4315; x_wconf 87' lang='lat' dir='ltr'>lex</span> <span class='ocrx_word' id='word_1_446' title='bbox 184 4263 325 4325; x_wconf 86' lang='lat' dir='ltr'>-esto,</span> <span class='ocrx_word' id='word_1_447' title='bbox 355 4262 457 4328; x_wconf 81' lang='lat' dir='ltr'>etque</span> <span class='ocrx_word' id='word_1_448' title='bbox 480 4260 553 4314; x_wconf 90' lang='lat' dir='ltr'>utei</span> <span class='ocrx_word' id='word_1_449' title='bbox 577 4262 670 4315; x_wconf 87' lang='lat' dir='ltr'>esset</span> <span class='ocrx_word' id='word_1_450' title='bbox 693 4261 758 4314; x_wconf 85' lang='lat' dir='ltr'>sei&#39;</span> <span class='ocrx_word' id='word_1_451' title='bbox 784 4263 836 4314; x_wconf 90' lang='lat' dir='ltr'>ete.</span> <span class='ocrx_word' id='word_1_452' title='bbox 857 4262 909 4314; x_wconf 90' lang='lat' dir='ltr'>ote.</span> <span class='ocrx_word' id='word_1_453' title='bbox 953 4261 989 4314; x_wconf 86' lang='lat' dir='ltr'>So</span> <span class='ocrx_word' id='word_1_454' title='bbox 1013 4260 1124 4315; x_wconf 86' lang='lat' dir='ltr'>schrieb</span> <span class='ocrx_word' id='word_1_455' title='bbox 1147 4261 1260 4316; x_wconf 79' lang='lat' dir='ltr'>manin</span> 
     </span>
     <span class='ocr_line' id='line_1_43' title="bbox 107 4347 1261 4418; baseline 0.001 -15"><span class='ocrx_word' id='word_1_456' title='bbox 107 4351 182 4404; x_wconf 84' lang='lat' dir='ltr'>Rom</span> <span class='ocrx_word' id='word_1_457' title='bbox 202 4348 318 4403; x_wconf 73' lang='lat' dir='ltr'>Gesetze</span> <span class='ocrx_word' id='word_1_458' title='bbox 342 4367 388 4402; x_wconf 89' lang='lat' dir='ltr'>um</span> <span class='ocrx_word' id='word_1_459' title='bbox 413 4349 540 4403; x_wconf 85' lang='lat' dir='ltr'>desselbe</span> <span class='ocrx_word' id='word_1_460' title='bbox 563 4349 645 4418; x_wconf 79' lang='lat' dir='ltr'><strong>Jahr,</strong></span> <span class='ocrx_word' id='word_1_461' title='bbox 674 4348 704 4402; x_wconf 91' lang='lat' dir='ltr'>in</span> <span class='ocrx_word' id='word_1_462' title='bbox 727 4350 791 4404; x_wconf 91' lang='lat' dir='ltr'>dem</span> <span class='ocrx_word' id='word_1_463' title='bbox 816 4347 912 4403; x_wconf 81' lang='lat' dir='ltr'>Cicero</span> <span class='ocrx_word' id='word_1_464' title='bbox 936 4348 981 4403; x_wconf 86' lang='lat' dir='ltr'>die</span> <span class='ocrx_word' id='word_1_465' title='bbox 1005 4348 1134 4404; x_wconf 83' lang='lat' dir='ltr'>zierliohe</span> <span class='ocrx_word' id='word_1_466' title='bbox 1157 4350 1261 4405; x_wconf 82' lang='lat' dir='ltr'>Praoht</span> 
     </span>
     <span class='ocr_line' id='line_1_44' title="bbox 107 4437 572 4508; baseline 0 -14"><span class='ocrx_word' id='word_1_467' title='bbox 107 4438 204 4494; x_wconf 79' lang='lat' dir='ltr'>seiner</span> <span class='ocrx_word' id='word_1_468' title='bbox 221 4437 397 4508; x_wconf 75' lang='lat' dir='ltr'>Philippicae</span> <span class='ocrx_word' id='word_1_469' title='bbox 416 4437 572 4494; x_wconf 75' lang='lat' dir='ltr'>entfeltete.</span> 
     </span>
    </p>
   </div>
   <div class='ocr_carea' id='block_1_4' title="bbox 0 0 1478 5048">
    <p class='ocr_par' dir='ltr' id='par_1_4' title="bbox 0 0 1478 5048">
     <span class='ocr_line' id='line_1_45' title="bbox 0 0 1478 5048; baseline 0 4"><span class='ocrx_word' id='word_1_470' title='bbox 0 0 1478 5048; x_wconf 95' lang='lat' dir='ltr'> </span> 
     </span>
    </p>
   </div>
  </div>
 </body>
</html>
