3080 5142
301 395 365 459 554
535 409 681 458 Pulscsn
705 409 929 458 LATINITATIS
953 409 1213 457 ueluRAPfflcau

300 553 428 619 silentio
447 553 723 637 praetermiserat,
746 553 831 637 quod
849 556 925 637 post
944 552 1074 617 demum
1092 574 1130 618 ex
1144 551 1290 617 Henzeni
1309 551 1345 616 in
1357 551 1444 616 anl-
1531 539 1532 620 J

300 658 428 724 lettino’
452 659 538 724 arch.
561 659 653 726 Rom.
676 660 811 726 a.1863
839 682 869 743 p.
892 661 954 725 123
983 660 1170 725 narratione
1200 658 1305 724 didici
1357 659 1442 746 Quae

247 785 290 826 xv
302 765 386 828 enim
410 765 539 830 litteras
562 766 667 830 versui
690 766 786 830 alteri
813 766 993 832 adhaerent
1015 764 1137 849 ALIN,
1166 787 1221 830 eas
1245 765 1329 830 scire
1351 788 1443 832 nemo
1531 775 1532 778 ’

299 875 429 955 poterat
451 871 581 936 omnino
604 893 672 938 non
694 893 762 937 esse
790 873 823 936 in
852 893 928 938 arae
950 877 1043 956 parte
1067 872 1176 937 antica
1205 873 1360 956 scriptas,
1391 873 1443 937 sed
1531 861 1532 888 i

298 979 334 1042 in
363 979 465 1043 latere
492 980 606 1044 dextro
636 980 835 1064 superstites.
882 979 976 1056 Quod
1004 979 1032 1044 si
1065 983 1115 1044 cst
1142 980 1203 1058 ita,
1234 1001 1368 1044 necesse
1397 985 1446 1044 est

299 1087 372 1170 ipso
396 1083 535 1151 PATRI
563 1085 722 1151 vocabulo
748 1085 918 1151 terminari
944 1085 1148 1150 latitudinem
1176 1086 1281 1170 partis
1309 1087 1445 1170 anticas,
1531 1117 1532 1122 ¹

299 1193 340 1256 ab
364 1191 444 1276 ipsis
464 1191 570 1257 ALlN
592 1191 712 1256 litteris
737 1191 877 1257 exordiri
896 1193 983 1257 latus
1002 1193 1163 1257 dextrum:
1187 1199 1342 1278 ectypum
1361 1195 1445 1259 enim

300 1299 517 1381 chartaceum,
539 1298 630 1364 cuius
652 1321 837 1364 mensuram
860 1298 1014 1384 religiose
1036 1299 1186 1364 imitatus
1214 1305 1265 1365 cst
1287 1301 1445 1386 lithogra-

300 1405 397 1490 phus,
420 1406 574 1490 quoniam
597 1429 661 1472 una
680 1405 895 1472 continuitate
918 1428 977 1490 per
999 1410 1171 1490 utrumque
1189 1407 1276 1472 latus
1295 1408 1445 1492 pertinet,

300 1513 431 1578 minime
454 1513 658 1599 intellegitur
676 1512 731 1598 qui
750 1513 820 1577 fieri
838 1513 944 1597 possit
962 1517 998 1578 ut
1015 1513 1102 1578 inter
1120 1509 1260 1578 muru
1278 1517 1313 1578 et
1332 1511 1445 1596 ALIN,

185 1606 188 1612 ¹
299 1640 381 1703 quae
404 1641 438 1683 se
462 1619 620 1685 vocabula
641 1619 696 1684 rix
719 1620 786 1684 ullo
809 1619 982 1685 intervallo
1002 1618 1181 1704 excipiunt,
1204 1618 1257 1683 rel
1275 1619 1332 1684 uni
1352 1617 1375 1684 S
1393 1620 1442 1685 lit·

299 1729 387 1788 terae
411 1725 461 1789 vel
485 1725 585 1790 cuivis
604 1725 661 1790 alii
679 1726 769 1790 locus
789 1726 841 1790 sit.
870 1724 942 1792 Hoc
961 1725 1063 1810 igitur
1081 1725 1243 1811 quomodo
1263 1725 1446 1810 expediant,

298 1830 438 1896 viderint
461 1831 525 1898 alii.
570 1831 675 1897 Nobis
699 1832 820 1897 unuin
843 1839 997 1918 promptu
1020 1832 1206 1898 coniectura
1230 1837 1295 1916 est,
1318 1856 1385 1919 qua
1406 1833 1444 1898 ad

298 1939 380 2023 legis
409 1959 519 2003 sacrae
542 1939 774 2025 cogitationem
803 1939 959 2004 ducamur
985 1939 1020 2002 in
1047 1940 1148 2004 latere
1172 1940 1284 2004 dextro
1309 1940 1445 2024 positae,

298 2045 388 2110 cuius
416 2045 521 2128 primo
549 2067 644 2110 versu
672 2046 831 2110 sancitum
861 2045 960 2110 fuerit
987 2044 1027 2109 ad
1055 2065 1150 2130 quos·
1164 2045 1215 2110 ius
1242 2046 1341 2112 huius
1372 2069 1444 2112 arae

298 2152 481 2237 pertineret,
505 2141 607 2215 altero
622 2150 759 2216 vetitum
773 2151 808 2215 in
821 2151 905 2216 bano
924 2150 1111 2216 formulam:
1135 2150 1286 2218 hul-Ne
1305 2154 1445 2234 suciuato

298 2255 549 2345 (sacruficanto).
595 2258 894 2343 Interpunctioncm
918 2258 1035 2322 saltem
1060 2279 1102 2322 ne
1125 2258 1160 2323 in
1183 2258 1290 2324 fronte
1315 2259 1444 2344 quidem

298 2365 381 2448 lapis
404 2365 505 2430 ullam
528 2364 633 2450 norit,
656 2366 702 2430 oli
725 2368 834 2430 autern
856 2387 915 2449 pro
934 2365 994 2430 alii
1014 2365 1156 2431 formam
1175 2365 1256 2431 satis
1274 2388 1382 2450 nuper
1399 2365 1444 2430 in·

299 2470 508 2536 lustravimus
527 2493 642 2537 comm.
655 2470 695 2537 ds
714 2471 793 2536 decl.
811 2472 867 2536 lat.
886 2470 1013 2537 recond.
1031 2495 1062 2556 p.
1075 2471 1115 2536 19
1127 2474 1240 2556 [supra
1257 2495 1288 2556 p.
1298 2473 1366 2538 462
1376 2475 1444 2558 sq.].

386 2791 422 2856 In
438 2792 550 2856 eadem
573 2791 708 2856 tabula
721 2791 779 2856 111
795 2789 916 2873 [XVII]
933 2813 1013 2876 quos
1034 2791 1094 2856 sub
1110 2789 1207 2856 O—J
1221 2793 1356 2858 exhibui
1376 2815 1443 2877 sep·

299 2903 365 2963 tem
393 2898 573 2963 breviculus
602 2899 743 2965 titulos
772 2899 1013 2982 sepulcrales
1041 2899 1119 2964 item
1149 2898 1444 2980 Praenestinos,

299 3027 354 3069 eos
368 3023 434 3069 non
448 3004 518 3070 sino
531 3006 641 3090 aliqua
654 3005 873 3089 discrepantia
888 3027 961 3070 cum
975 3004 1097 3070 ibidem
1111 3006 1153 3070 ab
1168 3005 1280 3070 codem
1289 3005 1442 3070 Henaeno

298 3133 329 3195 p.
351 3112 414 3175 124
436 3111 619 3195 publicatos
643 3113 709 3177 vidi
733 3115 803 3177 tum
828 3135 847 3177 a
871 3109 1046 3178 Garruccio
1074 3113 1174 3176 lectos
1198 3112 1302 3197 ipsius
1325 3111 1443 3178 litteris

298 3217 541 3283 humanissimis
565 3219 684 3284 certior
706 3220 813 3286 factus
837 3243 917 3284 sum.
946 3219 992 3284 Et
1013 3220 1049 3284 in
1065 3219 1245 3304 Equidem
1269 3241 1343 3284 cum
1363 3217 1442 3284 G·F

299 3346 333 3390 se
356 3324 474 3409 legisse
496 3348 557 3408 pro
581 3324 669 3391 oF
694 3325 887 3392 Garruccius
911 3329 1031 3410 narrat,
1055 3326 1115 3390 etsi
1137 3347 1202 3391 non
1227 3329 1316 3390 caret
1339 3347 1441 3390 exem-

298 3432 362 3515 plis
390 3430 465 3495 talis
489 3431 518 3496 G
540 3436 619 3497 nota
647 3430 751 3517 (uelut
780 3432 848 3496 illis
877 3455 959 3517 quae
986 3435 1099 3498 contra
1126 3431 1222 3496 fidem
1250 3434 1441 3516 ectyporum

298 3539 545 3622 tabularumque
578 3541 763 3603 nostrarum
795 3539 830 3603 P.
859 3538 894 3604 L.
922 3538 964 3602 M.
992 3537 1029 3602 Ε.
1062 3537 1138 3602 LVI
1156 3538 1191 3602 E
1221 3541 1254 3603 et
1286 3537 1378 3602 LXV
1403 3537 1443 3602 10

298 3643 381 3709 miro
404 3643 540 3709 consilio
563 3642 783 3710 Mommsenus
807 3643 1008 3708 oblitteravit
1032 3625 1331 3708 G.I.h.1n.623.
1354 3639 1442 3728 571),

297 3755 409 3816 tamen
441 3751 497 3835 qui
529 3751 711 3834 exemplum
739 3750 986 3836 lithographum
1017 3749 1210 3834 inspexerit,
1241 3747 1339 3814 facilc
1367 3748 1441 3835 quid

298 3857 464 3922 camari
488 3857 600 3922 oculos
622 3856 736 3921 farere
759 3857 916 3941 potuerit,
941 3840 1119 3940 nulleget.
1144 3893 1181 3903 -
1208 3854 1333 3921 conus
1355 3859 1441 3922 aru

298 3963 417 4029 certius
446 3967 496 4029 est
518 3985 585 4028 non
612 3985 708 4047 posse
735 3964 769 4028 in
791 3963 827 4029 F
852 3962 892 4028 do
913 3962 1017 4030 nihilo
1041 3963 1220 4048 essequod
1244 3957 1441 4028 vulvilo

297 4069 423 4136 nomini
445 4070 667 4154 praemittitur
692 4066 712 4134 lae
735 4091 945 4154 praenomen,
977 4069 1068 4134 cuius
1095 4069 1223 4134 nullum
1253 4067 1319 4133 sibi
1347 4067 1441 4134 vesti·

298 4178 387 4263 giam
416 4178 603 4262 apparuisse
632 4177 825 4242 Garruccius
853 4175 975 4242 scribit.
1026 4174 1066 4240 In
1093 4175 1236 4241 eiusdem
1262 4174 1354 4239 tituli
1381 4175 1440 4239 fine

298 4281 468 4348 Henzenus
492 4280 630 4349 Met!
656 4283 724 4347 sire
747 4283 829 4368 legit
851 4282 921 4348 sivo
943 4305 963 4346 a
982 4279 1150 4347 Cicerchia
1171 4281 1290 4346 lectum
1310 4280 1441 4366 accepit,

299 4390 384 4473 qnod
407 4390 453 4455 sio
477 4390 640 4474 supplerit
657 4386 911 4474 ‘M·FlaeM(‘l)':
934 4389 1021 4454 haud
1040 4395 1184 4475 gravate,
1206 4386 1271 4454 nisi
1289 4385 1441 4467 fallimur,

300 4495 475 4581 largiturus
503 4495 537 4564 in
565 4494 673 4578 lapide
700 4495 942 4582 interpunctum
970 4493 1160 4564 M·F·b·l
1189 4515 1261 4560 esse
1291 4494 1440 4578 supplen-
