2948 5048
466 117 671 167 nerinorum
694 120 959 179 anarovrssmm.
1223 100 1288 163 273

112 257 299 324 maiorem
322 262 450 341 partem
472 260 508 324 in
531 262 712 344 participiis
735 262 836 326 futuri
861 262 1061 345 copulativae
1081 260 1209 323 litterae
1231 224 1289 322 ali-

107 368 262 450 quanto
284 365 518 432 tenacioribus:
542 367 768 452 arguiturus
792 367 1025 432 Sallustianum
1050 366 1135 448 apud
1155 365 1289 430 Priscia-

101 492 222 536 nmn
242 462 273 532 X
295 493 326 554 p.
346 472 425 554 882,
454 474 686 539 abnuiturus
710 475 853 539 eiusdem
878 474 962 557 opud
986 473 1181 538 Arusianum
1205 469 1287 535 Mes-

99 578 228 641 sium
254 600 283 660 p.
307 579 386 665 210,
427 579 506 644 item
537 581 713 645 abnuitio
746 581 840 646 Pauli
873 581 1011 645 Diaconi
1047 606 1076 665 p.
1098 580 1169 661 108,
1194 581 1212 643 7
1237 576 1330 661 M.‚1o

97 683 143 747 lu
159 683 192 746 i
206 687 309 749 turus
333 683 505 750 Claudiani
529 687 567 751 de
586 686 633 752 VI
652 710 739 753 cons.
757 686 895 752 Honorii
914 688 984 751 141.
1020 688 1066 751 Et
1088 687 1123 750 in
1146 685 1197 749 his
1221 684 1288 769 qui·

96 788 218 852 deni
247 793 426 857 contractio
459 793 598 857 invaluit
629 800 664 858 ut
696 795 730 858 in
764 794 968 859 Saturnus:
1006 797 1166 879 argutus
1203 793 1289 855 enim

97 894 289 961 dixerunt
320 903 359 963 ut
394 901 567 965 tributus
605 901 774 986 indutus,
810 923 870 967 nec
905 901 1061 965 adiective
1092 903 1220 964 tantum
1253 902 1290 962 ut

98 1021 153 1063 ae
171 1007 291 1089 utus,
314 1006 370 1070 sed
394 1007 493 1071 etiam
517 1009 766 1092 participialiter
789 1011 933 1074 Plautus·
948 1007 1065 1091 Amph.
1089 1007 1233 1091 111,2,2
1257 1010 1291 1069 et

100 1104 255 1174 Pseud.
280 1113 358 1196 7463
386 1113 465 1178 item
488 1136 554 1179 non
576 1119 692 1180 nutus
721 1120 863 1199 tantum,
895 1116 949 1180 sed
978 1116 1077 1179 etiam
1106 1115 1290 1178 adnutum

102 1211 316 1281 innatum
348 1218 517 1285 Prisciano
549 1226 649 1306 teste3
685 1223 841 1287 ablutus
874 1222 1023 1287 dilutus
1056 1223 1183 1286 elutus
1216 1241 1291 1285 con·

106 1319 274 1415 stanter.
320 1324 372 1390 Ad
395 1325 458 1390 hoc
480 1325 582 1410 igitur
605 1329 788 1412 exemplum
811 1330 921 1412 potuit
944 1328 1089 1412 profecto
1113 1327 1234 1411 lingua,
1263 1326 1291 1389 si

109 1421 247 1510 vellet,
270 1430 369 1495 etiam
397 1436 507 1496 satus
536 1432 663 1497 efficere
687 1456 725 1497 ex
750 1438 888 1498 stitus:
916 1456 982 1499 non
1005 1435 1123 1517 debuit,
1147 1434 1223 1517 qnia
1247 1433 1291 1496 al-

113 1530 216 1597 tera
239 1537 291 1601 ria
318 1538 353 1600 in
382 1544 535 1623 promptu
563 1544 646 1622 erat,
676 1541 840 1605 eiciendae
863 1540 995 1605 vocalis.
1041 1540 1182 1625 Iniitque
1206 1541 1291 1606 hanc

117 1631 241 1727 'lh-ni,
275 1665 349 1708 cum
381 1646 509 1711 ruitus
541 1646 679 1712 formam
712 1648 862 1711 mutabat
894 1669 971 1711 saue
1008 1648 1041 1709 in
1074 1651 1199 1731 ratus,
1236 1647 1290 1710 sed

120 1744 245 1813 multo
266 1754 377 1814 tamen
400 1752 600 1835 frequentius
628 1755 661 1816 in
691 1758 813 1818 rdtus.
859 1753 945 1818 Nam
969 1775 1042 1818 cum
1064 1775 1131 1817 non
1154 1753 1288 1817 inusita-

120 1846 215 1917 lum
233 1855 332 1921 fuerit
355 1857 529 1923 ruiturus
558 1863 655 1944 atque
685 1859 764 1924 adeo
789 1877 1033 1925 sumevnau
1048 1894 1054 1906 ·
1069 1875 1289 1923 nruvrrnu·

120 1962 167 2009 Α·
195 1977 620 2029 Novo-Rarnennvnr
650 1969 734 2029 teste
762 1965 878 2052 Pighio
909 1969 1014 2029 exstet
1043 1965 1076 2028 in
1104 1966 1200 2029 titulo
1229 1963 1290 2029 Ro.

120 2070 239 2132 mmro
261 2066 394 2133 Gruteri
417 2093 448 2155 p.
469 2071 602 2155 1071,6
628 2069 891 2155 [G.1.L.V1,1
918 2095 949 2136 n.
969 2073 1049 2152 626]
1081 2094 1175 2155 quem
1207 2092 1291 2134 com·
1390 2130 1392 2134 .

119 2175 333 2241 memoravit
356 2173 505 2241 Stravius
529 2177 569 2242 de
592 2178 672 2242 decl.
695 2182 728 2242 et
750 2179 832 2242 coni.
856 2202 886 2262 p.
907 2179 981 2260 293,
1011 2182 1121 2241 tamen
1145 2181 1178 2241 et
1201 2179 1290 2239 ruta

118 2277 254 2344 eaesa
282 2280 371 2345 dicta
394 2303 465 2345 esse
488 2283 646 2367 producta
667 2305 690 2346 a
713 2283 819 2347 Varro
844 2289 957 2347 auctor
980 2287 1031 2346 est
1054 2282 1092 2346 de
1116 2281 1135 2344 l.
1159 2282 1214 2345 lat.
1234 2279 1291 2364 IX,

119 2366 204 2446 104
229 2391 262 2452 et
284 2388 323 2452 de
346 2393 496 2474 correpta
518 2389 550 2452 in
575 2389 732 2454 dirutus
761 2394 895 2454 erutus
920 2389 1082 2453 obrutus
1106 2391 1290 2472 prorutus

117 2489 355 2559 “miracus
375 2494 480 2559 vocali
493 2495 527 2559 in
541 2495 660 2580 vulgus
680 2500 816 2560 constat.
840 2497 1015 2581 Triplicem
1034 2495 1136 2579 igitur
1149 2492 1291 2578 fingendi

118 2589 284 2664 ⁰rdinem
307 2599 410 2664 habes
435 2601 563 2666 ruitus
592 2607 704 2667 ratus
730 2606 856 2685 rdtus,
879 2625 1010 2687 prorsus
1034 2623 1146 2685 parem
1169 2600 1290 2684 triplici

118 2694 245 2769 ordini
268 2705 484 2771 Saeturnus
508 2705 699 2773 Saturnus
724 2712 834 2772 slatus
856 2708 1044 2772 formarum.

229 2812 280 2876 Ad
308 2813 369 2877 has
396 2816 506 2876 tamen
539 2813 660 2878 formas
695 2814 799 2878 altera
831 2837 869 2877 ex
901 2819 994 2898 parte
1028 2815 1125 2877 etiam
1158 2813 1290 2897 propius

121 2915 277 3002 “wedit
306 2919 426 3004 quippe
456 2919 568 2984 eadem
599 2921 827 3003 coniugatione
850 2921 1035 2997 conclusus,
1067 2920 1184 3002 duplex
1213 2918 1290 2983 ordo

121 3003 171 3071 ‘lb
203 3044 244 3088 ea
265 3026 367 3108 stirpe
389 3031 477 3108 'quae
505 3030 555 3089 est
584 3029 646 3090 sta
674 3027 841 3090 oriundus:
874 3027 957 3090 unde
986 3025 1071 3111 quod
1100 3028 1134 3088 et
1161 3028 1291 3089 status

121 3103 260 3193 factum
284 3134 335 3196 est
357 3135 391 3195 et
414 3135 559 3208 statua,
582 3133 659 3195 item
683 3155 748 3196 nou
769 3132 870 3216 alium
894 3133 1018 3197 fontem
1037 3132 1100 3194 nisi
1119 3131 1291 3213 pristinam

122 3219 322 3300 smptus
350 3236 490 3302 formam
519 3238 626 3301 habet.
672 3237 720 3302 De
745 3261 808 3323 quo
833 3240 930 3303 verbo
958 3238 1110 3322 pleraque
1135 3260 1151 3300 e
1175 3237 1291 3301 veteri·

120 3310 198 3395 ΒΗΘ
228 3343 451 3426 grammaticis
479 3342 665 3407 Priscianus
696 3342 742 3409 IV
771 3368 801 3428 p.
821 3345 886 3408 625
906 3367 953 3428 sq.
983 3347 1015 3409 et
1042 3342 1088 3407 IX
1117 3366 1148 3427 p.
1167 3344 1241 3427 863,
1275 3364 1292 3406 e

117 3436 375 3514 recentioribus
408 3448 548 3514 Vossius
585 3449 624 3514 de
661 3455 731 3513 arte
768 3472 903 3535 gramm.
941 3449 987 3532 Il,
1015 3450 1057 3513 22
1094 3471 1285 3535 congessere

114 3519 314 3621 I'31¹i1nvero
338 3560 460 3620 certum
490 3561 541 3619 est
568 3556 826 3620 testimoniorum
855 3557 916 3620 fide
943 3556 1162 3639 locupletium,
1186 3557 1292 3641 longa,

112 3645 245 3726 vo<nali
269 3684 338 3727 esse
363 3666 543 3727 staturus
574 3665 827 3727 constaturus
856 3650 1098 3727 obstaturus·
1117 3667 1292 3746 praesta·

106 3733 249 3831 tul'us
281 3769 469 3855 participia,
497 3769 577 3834 item
610 3775 837 3854 praestatus
866 3775 911 3852 et,
947 3770 974 3834 si
998 3769 1164 3834 Prisciano
1193 3768 1291 3833 credi-

99 3852 222 3952 ¹¹¹⁰&
244 3873 459 3941 ‘astatum’:
487 3882 601 3941 contra
623 3881 774 3960 correpta
799 3881 926 3941 status
959 3899 1030 3940 cum
1054 3876 1292 3964 substantivum

151 3978 203 4034 ¹¹1
232 3982 440 4066 participium
464 3980 517 4067 (ut
539 3985 645 4046 stata
672 4004 796 4065 sacra,
828 3983 957 4066 signo,
980 3983 1094 4063 dona,
1117 3985 1293 4064 tempora
1395 4036 1401 4047 .

83 4054 137 4115 οι
168 4072 352 4172 imprimis
371 4087 534 4172 frequenti
553 4111 612 4153 usu
633 4093 762 4153 status
786 4085 896 4174 dies),
919 4089 996 4152 item
1018 4090 1146 4151 stator
1170 4089 1291 4152 statio

69 4155 272 4259 'tutuo
294 4216 362 4259 una
379 4215 452 4258 cum
471 4194 631 4260 stabilis
656 4196 861 4261 stabulum.
883 4193 997 4279 Itaque
1016 4216 1081 4259 non
1106 4198 1157 4259 est
1175 4195 1291 4259 mirum

164 4297 239 4351 ἧι.
251 4315 399 4353 nirscnaan
420 4316 553 4351 orvscvna
573 4318 610 4352 ιν.
1053 4306 1085 4352 is
