3062 5142
290 373 543 422 nnrnouooran
567 375 719 424 tartara
744 373 1002 426 eunounaurvn.
1155 359 1218 422 241

544 515 750 582 DONA'PVS

482 622 575 688 AVG
599 660 605 673 ·
629 623 701 689 LIB
726 661 732 672 ·
756 623 813 689 ΕΤ
955 615 960 626 ’

376 729 554 796 ΑΝΝΙΑ
582 768 589 781 ·
616 729 919 797 PRIMITIVA

486 837 609 902 HANG
633 875 638 886 ·
663 837 812 903 SEDEM
921 893 923 899 ,

377 941 583 1009 FRVCTVM
598 979 604 992 ·
619 943 806 1010 LABORIS
821 981 827 993 ·
844 942 914 1009 SVI

376 1049 471 1114 VIVI
495 1085 502 1098 ·
525 1048 611 1115 SIBI
635 1087 640 1098 ·
665 1049 838 1116 POSVER

85 1196 153 1258 quae
176 1175 294 1239 saltem
319 1174 382 1238 hoe
405 1173 517 1238 ordine
542 1175 741 1240 conlocanda
768 1177 876 1240 erant:
903 1173 1083 1241 Fructum
1114 1176 1218 1241 labo·

86 1282 128 1345 ris
149 1282 204 1345 sui
228 1280 308 1346 sibi
332 1280 414 1345 uiui
437 1287 654 1365 posueruut.
686 1281 807 1366 Aperte
831 1285 939 1346 autem
958 1282 1000 1347 ad
1018 1283 1112 1346 metri
1132 1282 1220 1346 simi·

85 1388 238 1452 liludinem
262 1387 354 1452 faeta
377 1394 452 1453 sunt
476 1410 559 1472 quae
582 1389 666 1474 apud
684 1387 858 1454 Matinium
884 1392 1012 1453 exstent
1029 1388 1129 1454 Inser.
1146 1389 1219 1454 Alb.

84 1517 109 1577 p.
127 1494 183 1558 116
206 1493 278 1581 (Or.
296 1495 387 1560 4806
412 1492 459 1575 [0.
481 1494 506 1560 Ι.
529 1494 564 1560 L.
587 1494 603 1558 I
626 1493 805 1581 11.1010]):

559 1609 729 1684 PRIMAE

530 1715 756 1791 ΡΟΜΡΕΙΑΕ

496 1831 634 1899 OSSVA
659 1868 665 1880 ·
689 1829 795 1896 HEIG

309 1938 517 2005 FORTVNA
540 1977 546 1988 ·
571 1939 770 2006 SPONDET
796 1975 801 1986 ·
825 1937 978 2003 MVLTA

126 2037 288 2111 MVLTIS
315 2083 321 2094 ·
344 2045 574 2112 PRAESTAT
598 2083 603 2094 ·
627 2043 791 2112 NEMINI
815 2081 821 2094 ·
845 2037 954 2110 VIVE
980 2080 986 2092 ·
1009 2042 1158 2109 INDIES

126 2149 175 2216 ΕΤ
202 2189 209 2200 ·
239 2151 392 2218 HORAS
420 2189 426 2201 ·
454 2151 552 2218 NAM
582 2189 588 2201 ·
615 2151 842 2218 PROPRIVM
871 2188 877 2200 ·
904 2147 985 2216 EST
1009 2186 1015 2198 ·
1039 2149 1164 2216 NIHIL
1259 2160 1270 2166 '

306 2257 490 2325 SALVIVS
514 2296 519 2308 ·
543 2259 629 2325 ET·
654 2257 799 2324 Hunos
824 2294 829 2306 ·
853 2257 977 2322 DAN'I

86 2379 168 2466 Vnde,
189 2385 289 2451 modo
315 2385 579 2470 unamaliquam
604 2384 766 2468 syllabam
794 2382 1055 2467 praetermissam
1078 2382 1215 2448 eredide-

85 2489 131 2572 ris,
155 2493 213 2556 etsi
237 2492 393 2576 egregius
417 2493 617 2576 septenarius
641 2490 764 2576 prodit:
792 2491 887 2568 Hert,
919 2489 1077 2554 fortuna
1105 2491 1215 2571 spon-

84 2594 133 2659 det
165 2599 289 2662 multa
325 2599 472 2681 moltis,
508 2601 687 2682 praestat
722 2596 881 2680 nemini,
916 2599 1027 2660 tamen
1062 2595 1214 2678 quoniam

85 2701 195 2768 iambici
216 2705 350 2770 numeri
367 2685 474 2769 ¹etiam
496 2706 532 2770 in
553 2705 711 2789 proximis
740 2705 912 2788 apparent,
940 2703 986 2767 sie
1013 2702 1122 2786 potius
1150 2707 1215 2766 sta·

84 2809 214 2876 tuendum
228 2815 287 2876 est
303 2815 340 2876 ut
354 2811 509 2896 addendo,
526 2833 592 2877 non
606 2811 785 2877 omittendo
805 2831 942 2894 peccans
960 2809 1135 2893 lapidarius
1154 2809 1214 2874 hos

86 2934 134 2978 non
153 2917 358 3004 inelegantes
382 2919 526 2984 senarios
549 2909 739 2984 obscurasse
761 2921 905 3002 putetur:

136 3039 307 3110 Fortuna
330 3042 495 3126 spondet
517 3043 652 3126 multa,
675 3045 853 3126 praestat
875 3041 1028 3107 nemini.

138 3147 225 3214 Viue
248 3151 289 3213 in
315 3148 397 3213 dies
421 3154 458 3213 et
480 3150 610 3214 horas:
632 3171 717 3214 nam
740 3149 938 3233 proprium
961 3153 1022 3212 est
1043 3149 1152 3215 nihil.

87 3266 138 3333 Nee
158 3273 220 3337 ulla
242 3272 394 3357 profecto
423 3273 582 3338 dubitatio
612 3277 675 3359 est,
708 3275 786 3358 quin
814 3273 942 3337 senario
970 3273 1121 3338 conclusa
1148 3275 1215 3339 sint

87 3395 151 3456 quae
170 3377 353 3444 Muratorio
376 3402 406 3462 p.
423 3380 517 3462 1772,
535 3381 556 3444 2
580 3402 618 3444 ex
637 3401 717 3466 agro
733 3380 931 3465 Aquileiensi
952 3379 1102 3444 Bertolus
1121 3401 1214 3444 cano·

87 3481 158 3548 nicus
178 3488 266 3552 misit
291 3486 362 3574 (Or.
380 3487 466 3551 4751
493 3486 540 3567 [0.
563 3486 588 3552 Ι.
613 3487 648 3551 L.
671 3485 711 3570 V,
733 3488 748 3550 l
773 3483 955 3572 n.1490]):

87 3619 144 3690 Ill
156 3624 328 3694 VALEAS
343 3609 660 3695 sdamuounoo
674 3627 976 3694 MONIMIINTVM
991 3626 1213 3694 Putaram

87 3763 124 3825 tui
149 3771 327 3836 sententiae
357 3771 438 3836 alias
462 3794 480 3835 e
502 3770 665 3855 lapidibus
694 3771 834 3835 murisve
865 3770 1061 3855 simillimaS,
1092 3774 1212 3856 partim

87 3867 212 3939 iambiuis
235 3878 386 3942 versibus
409 3878 528 3961 partim
552 3863 721 3960 daotyliois
746 3877 898 3960 scriptas,
922 3874 1102 3944 Guilelmus
1126 3877 1210 3944 Hen-

87 3995 164 4044 zenus
188 3983 221 4046 in
250 3982 414 4050 Gerbardi
441 3984 560 4049 Diariis
590 3983 748 4048 arubaeol.
771 3983 818 4047 IV
841 4006 871 4068 p.
890 3983 955 4047 242
974 4005 1020 4068 sq.
1053 3986 1085 4048 et
1108 3984 1211 4049 Theo-

87 4081 167 4150 dorus
187 4089 410 4156 Mommsenus
433 4091 537 4156 Musei
560 4091 663 4156 Rhen.
691 4090 767 4156 novi
791 4093 813 4154 t.
832 4088 862 4153 V
887 4111 916 4172 p.
935 4089 1001 4155 463
1025 4112 1210 4174 composue-

88 4195 154 4257 runt
194 4195 268 4262 Non
292 4200 400 4263 minus
424 4202 530 4264 certus
554 4203 605 4263 est
633 4197 667 4262 in
690 4195 886 4262 Gruteriana
909 4219 938 4279 p.
958 4197 1032 4280 898,
1054 4198 1094 4261 16
1120 4195 1167 4278 [C.
1186 4193 1211 4262 l.

88 4291 113 4359 la
132 4297 182 4385 1113
202 4305 217 4366 1
242 4327 273 4370 n.
292 4303 359 4369 58*
384 4327 413 4388 p.
432 4305 488 4386 8²¹]
512 4305 564 4369 hio
588 4303 785 4389 senarius*):

159 4477 182 4546 ⁸)
199 4479 281 4550 [Vide
300 4479 374 4534 infra
394 4479 484 4534 ‘curas
503 4481 649 4536 secundae’
670 4497 698 4550 p.
717 4477 782 4532 XIII
801 4481 882 4547 (261).
920 4477 949 4534 C.
965 4481 1022 4551 W.]

131 4580 164 4620 ra
177 4585 323 4623 nrrscnnnn
343 4588 476 4624 orvscrnr
495 4589 532 4624 ιν.
964 4575 996 4623 16
