2948 5048
145 306 189 369 94
513 325 663 373 rrnvnvs
687 323 906 374 nrvnmnnvs.

145 465 358 530 dedicationis
391 467 497 551 legem
529 465 592 531 vici
624 466 787 532 Furfentis
820 465 890 552 (Or.
922 466 1009 530 2488
1041 462 1089 545 [O.
1114 465 1139 531 Ι.
1161 464 1201 529 L.
1224 466 1241 530 I
1265 489 1298 531 n.

144 571 223 653 6033
261 571 294 637 P.
322 571 357 637 L.
385 571 428 640 M.
454 573 491 637 E.
523 574 589 638 tab.
621 567 804 658 LXXXIII)
836 571 1043 657 quantumvis
1075 594 1095 637 a
1132 573 1298 638 sermonis

144 678 339 761 antiquitate
362 679 550 744 notabilem.
596 677 665 744 Neo
687 679 750 744 hnc
773 681 924 764 pertinet,
948 679 1033 764 qnod
1052 678 1203 764 plebeiae
1222 701 1299 745 con·

145 785 324 850 suetudinis
348 809 387 851 ea
409 786 573 872 mutilatio
597 788 712 871 quavis
732 790 839 852 aetate
858 787 932 852 luit:
957 786 1041 871 quod
1060 807 1164 872 genus
1183 788 1299 854 dedita

144 913 244 975 opera
267 893 343 957 olim
367 894 589 959 tractabimus.

232 998 281 1063 De
310 1001 418 1064 verbis
447 1004 480 1064 et
508 1000 625 1065 litteris
658 1001 739 1065 satis
767 1000 924 1086 dixero*)‚
952 1001 1008 1065 nbi
1034 1023 1100 1067 nno
1124 1002 1226 1068 verbo
1256 1004 1298 1068 dc

144 1108 250 1192 figura
270 1107 297 1172 L
327 1108 458 1173 litterae
486 1130 639 1173 monuero
668 1108 709 1172 ad
732 1109 939 1192 antiquitatis
963 1130 1057 1172 usum
1080 1130 1183 1193 prope
1208 1131 1299 1175 acce

145 1214 239 1278 dente
263 1235 300 1279 eo
325 1214 423 1299 quod,
447 1214 508 1279 etsi
529 1237 595 1280 non
618 1218 669 1279 est
691 1237 823 1295 prorsus
846 1219 951 1299 acuta,
974 1219 1085 1279 tamen
1107 1220 1298 1282 narsetum

145 1319 273 1403 quidem
297 1321 452 1405 angulum
476 1321 584 1404 habet,
608 1321 665 1386 sed
684 1321 824 1385 mediam
843 1322 982 1404 speciem
1001 1321 1178 1406 quandam:
1203 1324 1298 1394 cuius

145 1426 282 1490 rationis
316 1427 427 1511 aliqua
463 1428 642 1493 similitudo
683 1429 781 1492 ctiam
815 1428 855 1492 atl
888 1428 916 1491 E
948 1429 1091 1493 litteram
1124 1430 1299 1514 pertinuit

145 1533 246 1618 quue
274 1534 337 1600 hoc
363 1534 606 1599 memorabilius
631 1540 693 1617 est,
721 1532 819 1618 quod,
852 1555 924 1598 oum
952 1535 1125 1619 pristinam
1153 1536 1299 1621 figuram

146 1641 250 1706 solam
279 1644 344 1705 tres
377 1639 563 1725 Scipionum
594 1641 682 1705 tituli
711 1641 930 1724 antiquissimi
958 1645 1096 1723 servent
1119 1645 1299 1727 utrumque

146 1769 248 1833 genus
272 1748 336 1812 iam
361 1752 495 1831 quartus
520 1748 649 1811 miscuit
672 1747 706 1810 in
729 1748 801 1831 ipso
825 1748 1028 1832 sarcophago
1052 1746 1257 1835 Barbati.**)

234 2030 260 2099 *)
281 2029 425 2099 [Conferas
450 2032 544 2084 tamen
567 2046 639 2098 quac
663 2029 776 2098 scripsit
793 2027 964 2083 Ritscbelins
988 2029 1016 2083 P.
1038 2028 1068 2082 L.
1088 2028 1124 2083 M.
1144 2029 1175 2083 E.
1197 2029 1296 2084 Enarr.

145 2137 171 2188 p.
192 2124 239 2172 45:
270 2119 313 2172 ‘In
337 2118 454 2188 singulis
482 2120 605 2187 (praeter
628 2136 661 2173 ea
685 2119 719 2173 de
743 2118 843 2188 quibus
868 2118 935 2173 olim
958 2117 1015 2171 dixi
1039 2117 1218 2186 explicatius)
1241 2135 1297 2173 non

145 2207 230 2261 mirer
248 2206 273 2261 si
291 2206 353 2276 quis
369 2206 515 2261 DVELLO
534 2207 628 2276 potius
643 2206 847 2275 exspectaverit
861 2222 945 2275 quam
960 2204 1087 2275 BL'LLO,
1101 2207 1184 2261 valde
1199 2210 1295 2262 autem

146 2296 316 2365 singularem
334 2296 478 2351 breviandi
497 2297 610 2350 modum
629 2295 753 2351 offendat
771 2296 799 2349 in
819 2294 915 2349 DVC'I'
935 2297 964 2349 et
979 2294 1081 2350 CAPT.
1101 2295 1254 2352 Praeterea
1266 2297 1296 2351 iu

145 2377 248 2441 1)ch
267 2384 492 2454 antiquissimum
511 2387 669 2456 exemplum
686 2386 774 2440 habes
794 2401 878 2455 snpra
896 2401 1006 2438 versum
1031 2383 1185 2452 productae
1205 2386 1229 2439 Τ
1247 2385 1295 2440 Iit·

145 2476 229 2542 teras,
250 2475 327 2529 cuins
347 2473 517 2528 mentionem
535 2473 619 2527 inieci
637 2473 726 2528 Musei
744 2474 833 2527 Rhea.
852 2477 872 2527 t.
892 2472 957 2527 XIV
975 2489 1001 2540 p.
1021 2477 1073 2525 486
1094 2490 1133 2540 sq.
1154 2473 1250 2544 <inita
1268 2493 1294 2528 n.

145 2564 239 2638 XIV),
254 2564 311 2619 alia
326 2552 453 2632 exempla
467 2562 675 2632 repraesentavi
689 2563 747 2618 tab.
763 2561 838 2616 LXX
848 2562 881 2616 G.
897 2559 1068 2615 LXXVIIIG
1083 2561 1121 2614 H.
1137 2561 1293 2617 LXXIXB.

146 2652 315 2710 LXXXVIII
330 2654 357 2708 A
371 2653 398 2706 R
413 2653 449 2707 D.
469 2651 609 2706 LXXXIX
624 2650 654 2705 J.
673 2651 720 2705 XC
736 2652 768 2706 G.
789 2650 864 2704 XCII
882 2653 917 2705 A.
937 2650 1026 2704 XCIII
1045 2649 1094 2703 F!
1132 2649 1161 2706 C.
1180 2650 1241 2722 W.]

217 2744 259 2812 ¹⁸³⁴)
287 2743 363 2814 [Alia
386 2743 577 2812 disputantem
600 2741 664 2797 vide
690 2742 876 2797 Ritscbelium
900 2741 988 2794 Musei
1015 2739 1102 2793 Rben.
1127 2742 1148 2795 t.
1173 2740 1213 2794 IX
1232 2758 1259 2809 p.
1280 2747 1293 2795 1

147 2833 211 2886 adn.
230 2859 246 2890 s
266 2831 348 2901 (infra
367 2851 393 2886 n.
413 2832 487 2898 VII);
507 2831 553 2885 adi
572 2834 718 2900 practerea
735 2832 854 2886 cundem
872 2832 901 2886 P.
926 2831 956 2884 L.
977 2829 1014 2887 lt
1033 2830 1064 2886 E.
1083 2829 1180 2885 Enarr.
1200 2849 1229 2900 p.
1243 2823 1296 2899 tt,

146 2920 195 2975 ubi
213 2922 282 2976 haec
302 2924 378 2976 sunt:
404 2921 458 2974 ‘Ne
483 2919 528 2975 cni
550 2921 678 2975 fraudem
696 2921 718 2974 L
738 2920 849 2975 litterae
873 2922 962 2991 figura
981 2918 1079 2987 facist,
1103 2919 1229 2988 speciem
1246 2919 1297 2975 illa

148 3009 322 3078 obliquitatis
341 3009 416 3063 haud
436 3026 502 3063 sanc
521 3009 651 3080 ambigue
666 3028 733 3079 prae
748 3027 777 3063 se
791 3010 892 3077 terens,
910 3008 1051 3063 sciendum
1066 3009 1108 3061 est
1121 3007 1168 3062 hio
1182 3008 1295 3077 quddam

148 3114 260 3167 prorsus
274 3096 404 3154 fallacem
419 3115 482 3152 eam
496 3098 616 3168 speciem
632 3100 780 3168 propterca
795 3116 854 3152 esse
869 3097 943 3167 quod
959 3095 1130 3151 simillimam
1140 3096 1296 3168 lapidarius

147 3184 232 3240 ctiam
253 3185 274 3238 E
294 3185 418 3241 litteram
437 3188 517 3242 finxit
535 3187 769 3242 constantissime:
795 3205 850 3242 non
869 3187 925 3242 alia
943 3187 972 3240 id
992 3185 1106 3255 quidem
1124 3200 1226 3239 caussa
1243 3184 1297 3239 nisi

147 3273 284 3328 arbitratu
303 3293 361 3343 sno,
381 3292 444 3329 cum
457 3275 517 3330 illic
539 3276 630 3329 simile
650 3279 734 3345 utque
753 3276 783 3330 in
801 3276 823 3330 L
844 3276 991 3331 discrimen
1013 3273 1167 3342 antiquitas
1186 3274 1296 3328 nullum

147 3363 264 3417 noverit.
302 3363 426 3418 Eandem
456 3368 550 3419 autem
573 3364 817 3418 ratiocinationem
841 3363 1042 3420 recordandum
1067 3363 1120 3418 erit
1137 3363 1168 3418 in
1185 3361 1297 3434 lapides

148 3451 282 3519 quosdam
306 3452 376 3507 allos
399 3453 511 3521 cadere,
539 3453 618 3507 velut
639 3452 668 3505 in
691 3453 748 3508 tab.
767 3453 829 3507 Llll
848 3454 888 3520 B,
911 3453 979 3507 item
997 3453 1055 3507 tab.
1075 3452 1205 3521 LXXXI,
1223 3452 1297 3508 item

148 3541 204 3594 tab.
229 3541 368 3596 LXXXIX
383 3544 416 3599 Λ.
456 3542 630 3612 Quamquam
659 3542 744 3596 etiarn
773 3542 876 3596 omissa
901 3541 923 3593 Ε
952 3541 1063 3595 lItterae
1086 3541 1297 3611 comparatione

148 3628 256 3698 aliquid
280 3631 308 3683 in
332 3630 386 3685 hoc
408 3647 509 3700 genere
533 3630 586 3686 soli
610 3630 686 3685 casui
711 3630 889 3685 tribuendum
915 3646 972 3684 esse
995 3630 1065 3684 tales
1088 3629 1168 3684 tituli
1187 3632 1297 3699 (quam-

149 3735 234 3789 quam
248 3736 363 3774 numero
378 3721 470 3789 psauei)
481 3721 646 3775 documento
662 3723 726 3774 sunt
740 3722 837 3790 quales
852 3719 938 3773 habes
952 3719 1010 3772 tab.
1027 3717 1114 3773 LXIX
1123 3718 1159 3775 B.
1174 3718 1251 3773 LXX
1261 3721 1297 3777 A.

148 3808 248 3862 LXXII
264 3810 298 3861 Α.
320 3807 434 3861 LXXVI
445 3809 479 3864 B.
499 3808 625 3862 LXXXV
635 3810 672 3864 D.
692 3809 819 3863 XCIIIA.
841 3807 921 3875 Quid,
933 3808 1006 3876 quod
1025 3807 1053 3860 in
1065 3807 1131 3877 pagi
1142 3807 1214 3862 scito
1228 3808 1298 3864 Her·

149 3897 265 3951 culsneo
285 3897 341 3951 tab.
361 3897 434 3950 LXV
451 3897 597 3951 dumtaxat
615 3897 657 3951 bis
676 3916 701 3951 v.
721 3904 736 3952 9
752 3899 1023 3952 et10tarnecrtam
1037 3897 1185 3952 vetustatis
1199 3902 1299 3953 notam

149 3986 237 4041 oculis
252 3984 368 4055 intueris
382 3988 414 4039 nt
433 3986 468 4041 dc
487 3987 568 4056 lapsu
587 3987 688 4056 scalpri
702 4004 814 4056 prorsus
829 4002 950 4055 nequeas
964 4003 1020 4040 non
1035 3986 1167 4055 cogitare.
1193 3988 1299 4042 uerear

149 4075 260 4129 tabulas
286 4076 315 4129 in
338 4074 390 4129 hac
415 4093 514 4130 caussa
532 4093 627 4130 omnes
647 4075 742 4142 mitto,
767 4078 798 4128 ut
820 4075 849 4129 in
869 4075 968 4143 quibus
988 4073 1137 4143 singularis
1156 4074 1300 4130 incidendi

149 4163 299 4219 difficultas
320 4181 448 4218 normam
472 4165 604 4219 usitatam
628 4165 785 4219 litterarum
809 4165 992 4234 plurimarum
1015 4161 1142 4233 plurimis
1161 4162 1300 4234 exemplis

149 4253 291 4306 destituat.
318 4253 421 4307 Verum
436 4272 450 4307 e
466 4254 584 4323 lapideis
598 4255 785 4308 monumentis
800 4271 854 4308 non
869 4254 939 4307 milri
954 4256 1078 4322 tempero
1094 4252 1161 4322 quin
1174 4252 1299 4307 maxime

150 4340 331 4397 memorabile
349 4341 396 4394 hic
414 4342 562 4412 adponam,
582 4343 656 4411 quod
676 4346 719 4395 cst
732 4343 866 4396 fastorum
881 4342 1093 4412 triumphalium
1107 4340 1300 4411 fragmentum

150 4433 186 4487 ad
205 4448 291 4486 annos
311 4436 370 4484 ItI.
391 4439 441 4486 73⁶2
466 4433 619 4500 pertinens,
649 4430 754 4485 editum
774 4449 790 4485 a
809 4431 928 4485 Marinio
950 4431 979 4485 in
997 4430 1075 4486 netis
1100 4430 1177 4486 fratr.
1199 4432 1297 4487 Arval.
