3062 5142
406 389 662 436 conuauuasro
687 389 798 438 euros.
844 405 849 414 ·
1113 371 1178 434 203

92 537 109 598 id
123 535 267 599 rectissime
290 536 354 600 iam
370 535 393 600 Ι.
408 535 459 599 Fr.
479 532 662 598 Gronovius
686 531 812 596 dixerat
835 531 993 611 ‘nimium’
1015 553 1094 614 esse,
1118 529 1180 594 hoc

91 644 120 703 est
137 641 247 704 nmium
279 639 319 705 ad
350 664 458 708 rerum
491 642 674 706 veritatem:
714 641 833 724 quippe
865 640 951 725 quod
984 641 1107 724 proelio
1138 639 1179 704 ad

91 747 249 830 lycuuesum
270 748 327 814 illo
352 748 484 812 minime
508 747 584 812 dum
608 748 755 814 effeetum
779 749 873 812 esset.
906 747 989 823 Quid
1009 753 1118 814 autem
1138 748 1181 813 sit

91 855 142 938 ped
159 856 287 920 effectum
313 861 396 938 erat,
420 855 620 940 planissimis
644 855 752 920 verbis
776 856 845 940 ipse
869 855 979 920 Livius
1003 855 1181 921 declaravit

91 983 131 1044 rep.
143 963 173 1026 31
194 963 212 1027 l.
228 961 395 1028 XXXVII:
424 962 507 1039 ‘Quo
535 963 669 1028 territus
693 961 889 1045 Antiochus,
922 962 998 1046 quia
1028 983 1181 1046 posses·

91 1068 160 1132 sicae
185 1070 290 1134 maris
322 1070 458 1154 pulsus
491 1070 670 1155 longinqua
696 1070 780 1134 tueri
808 1068 979 1134 diffidebat
1006 1091 1039 1132 se
1063 1066 1180 1152 possa'

91 1173 116 1237 u
130 1177 214 1258 paullo
234 1181 320 1261 post:
354 1175 511 1262 ‘Regillus
540 1177 698 1242 Aemilius
726 1181 802 1260 post
829 1175 1001 1242 uictoriam
1028 1175 1180 1240 usualem

89 1282 203 1362 rrrclcetu
215 1283 380 1368 Ephesum
400 1334 408 1350 .
427 1336 434 1349 .
454 1336 460 1350 .
480 1333 487 1350 .
506 1306 579 1349 eum
603 1283 885 1349 confessionem
909 1283 1083 1348 concessi
1104 1305 1179 1347 ma·

89 1388 121 1450 rie
135 1389 285 1456 ultimam
312 1391 402 1457 hosti
426 1390 637 1475 expressisset
660 1441 667 1456 .
688 1441 694 1456 .
714 1443 721 1456 .
741 1391 759 1456 .'
805 1389 856 1454 Ad
881 1390 964 1454 hanc
987 1390 1088 1476 igitur
1110 1411 1179 1455 sen-

88 1495 180 1560 teutiam
199 1499 253 1562 etsi
277 1499 504 1584 supplementa
527 1521 601 1564 mea
623 1503 769 1583 poteram
793 1499 840 1565 sic
863 1498 1117 1566 accommodare:

128 1627 167 1693 lte
184 1636 305 1716 pugna
328 1635 503 1718 pdgnatei
526 1655 589 1698 rex
609 1671 630 1679 -
651 1633 850 1699 'Auticciis
873 1639 1108 1720 regnumque

129 1737 200 1802 Eius
219 1741 255 1802 r‘rr
278 1741 376 1803 erari
398 1739 496 1804 deterre
518 1739 681 1821 (ratetum
699 1779 721 1787 -
739 1741 848 1824 sitque
870 1741 1070 1806 eccleciam
1093 1733 1153 1805 est.

127 1842 198 1908 llius
218 1847 271 1909 rei
296 1866 388 1930 ergo
411 1867 434 1911 c.
452 1868 479 1928 q.
498 1869 532 1924 a,

88 1978 150 2040 utad
167 2001 267 2061 parem
292 2002 312 2043 a
334 1979 405 2063 pari
430 2002 541 2044 vocem
569 1981 669 2046 oeulis
698 1981 866 2046 aberrasse
896 1980 1047 2044 librarius
1075 1978 1180 2044 crede

87 2087 142 2145 retu
162 2085 279 2151 iubente
308 2085 456 2172 Sigeum,
488 2091 597 2152 tamen
630 2089 775 2172 asperius
808 2089 842 2152 iu
874 2087 983 2152 verbis
1010 2086 1181 2152 Antiochus

88 2209 218 2273 r'errrruperc
238 2195 305 2258 cius
325 2194 461 2274 fractoue
484 2214 619 2278 zeugma
642 2194 747 2258 visum
767 2197 817 2258 est
836 2215 932 2278 qnam
951 2194 1002 2259 cui
1020 2216 1087 2258 nou
1105 2193 1180 2258 duo·
1195 2221 1221 2260 ee

87 2293 123 2358 bus
138 2297 201 2362 locis
223 2301 427 2384 dispertitam
447 2302 596 2366 lacunam
615 2300 820 2385 praeferrem.
838 2338 874 2348 -
894 2301 1067 2366 Praeterea
1085 2323 1180 2366 versu
1287 2306 1296 2320 '

87 2401 157 2466 tludi
176 2405 232 2470 alia
255 2408 360 2472 multa
384 2411 573 2491 potueruut,
603 2429 668 2472 uon
697 2407 792 2474 modo
815 2409 919 2474 levius
942 2407 1096 2473 variando
1119 2407 1181 2472 Res

84 2509 291 2590 resurrectae,
314 2513 370 2578 sed
394 2514 492 2578 etiam
517 2513 597 2578 talia
620 2513 729 2598 qualia
752 2517 839 2598 sunt,
864 2519 899 2579 ut
923 2515 1077 2600 exemplis
1098 2517 1180 2596 utar,

123 2631 235 2700 Dirrim
252 2659 330 2737 prae:
353 2638 567 2721 opiteelciecit.
589 2675 611 2684 -
634 2637 808 2723 auspicio
832 2639 992 2725 imperio

87 2754 114 2816 ul
123 2759 229 2826 teuta
250 2763 317 2842 fuit
331 2783 402 2846 pua
422 2764 528 2828 diuam
552 2764 601 2827 vel
622 2765 755 2829 Auxilio
776 2764 862 2846 facte
883 2765 952 2829 cliui
975 2763 1025 2828 vel
1044 2763 1092 2828 Di
1107 2763 1180 2846 pro'-

85 2862 127 2937 clii
138 2865 210 2944 trae
232 2873 266 2934 ct
290 2869 318 2933 si
342 2891 424 2954 quae
448 2874 524 2934 sunt
547 2869 675 2934 similia.
717 2869 851 2948 Qualem
879 2871 1073 2936 seutentiam
1098 2870 1180 2935 alius

88 2965 158 3034 titulus
177 2976 379 3041 commendat
402 2977 493 3041 cuius
516 2977 602 3042 idem
625 2977 737 3042 Livius
761 2975 822 3060 vl,
841 2977 883 3041 29
914 2977 1110 3042 mentionem
1133 2976 1181 3041 iu-

86 3071 138 3138 ieie:
156 3078 199 3145 ιΤ.
216 3082 388 3158 Quinctius
411 3083 511 3147 semel
536 3084 603 3148 acie
626 3085 744 3167 uictor,
773 3084 857 3149 binis
886 3083 1001 3148 castris
1031 3083 1181 3166 hostium,

87 3197 158 3246 cerem
183 3189 308 3272 oppidis
336 3190 370 3254 ui
387 3189 515 3274 captis,
547 3189 722 3256 Praeneste
751 3192 785 3256 in
814 3189 1010 3257 deditionem
1040 3193 1207 3274 aceept0‚'

86 3283 175 3356 leuem
198 3296 334 3360 reuertit
360 3295 627 3382 triumphansque
656 3297 786 3380 siguum
809 3296 983 3363 Praeneste
1011 3297 1180 3363 deuectum

88 3389 137 3459 leuis
158 3396 358 3485 Imperatoris
391 3401 424 3466 iu
452 3401 649 3487 Capitolium
678 3403 765 3468 tulit.
807 3402 988 3469 dedicatum
1021 3407 1071 3470 est
1098 3405 1182 3470 iuter

87 3501 157 3568 [elliu
176 3505 259 3573 louis
283 3530 321 3573 ae
343 3507 522 3593 Mineruae,
549 3510 725 3595 tabulaque
752 3511 812 3576 sub
841 3533 879 3576 eo
910 3512 975 3576 fixa
997 3531 1181 3576 monumen-

87 3620 229 3680 tturerum
256 3619 422 3700 gestarum
451 3617 502 3682 his
531 3618 650 3683 ferme
678 3618 782 3684 incisa
805 3617 925 3683 litteris
948 3617 1021 3684 luit:
1049 3617 1180 3701 Iuppi-

87 3716 235 3805 luatque
264 3721 344 3788 diui
373 3745 502 3788 omnes
534 3724 604 3790 hoe
633 3723 822 3790 dederuut
848 3727 890 3788 ut
916 3723 952 3790 T.
977 3724 1181 3800 Quinctius

87 3814 203 3892 lictatur
225 3827 368 3913 oppida
390 3850 524 3894 nouem
554 3829 730 3915 caperet?
772 3829 949 3897 Manifesta
972 3830 1007 3895 in
1029 3829 1081 3895 his
1105 3852 1180 3914 quo·

88 3945 119 4005 'rte
137 3931 348 4000 Saturniorum
376 3937 529 4022 vestigia:
563 3959 699 4022 quorum
729 3937 924 4022 principium
957 3935 1047 4023 (nam
1075 3941 1183 4002 cetera

87 4043 191 4120 supere
217 4043 301 4107 velle
331 4047 364 4107 et
385 4043 591 4108 temerarium
621 4045 664 4110 sit
692 4049 724 4110 et
751 4041 937 4130 ridiculum)
961 4044 1091 4128 potuit
1119 4044 1182 4109 sal·

88 4147 186 4236 augule
208 4171 279 4214 esse
299 4149 393 4234 quale
417 4150 502 4216 iufra
525 4152 726 4236 scripsimus,
757 4173 822 4216 nou
846 4152 954 4236 potuit
976 4154 1063 4218 certe
1087 4151 1181 4242 quale

88 4240 211 4320 lieluhric
234 4255 322 4321 Hist.
345 4257 438 4323 Rom.
460 4256 493 4321 Il
517 4281 547 4342 p.
567 4259 632 4324 662
655 4259 785 4343 placuit.

51 4465 52 4470 γ
121 4370 278 4462 luppiter
303 4381 417 4464 itque
440 4381 520 4448 diui
544 4421 566 4429 -
589 4385 718 4449 dmues
742 4383 812 4448 hdc
835 4383 1034 4468 dederunt,

122 4475 166 4545 'lt
184 4483 294 4550 Titus
319 4485 523 4565 Quinctiis
546 4489 744 4560 dic-tator
768 4491 808 4559 itt
831 4491 953 4562 tuelle
