2948 5048
96 123 167 174 ma
189 120 388 168 mermmvs
412 121 624 168 nrrruarrrs
648 121 855 169 usrmouvn
879 123 1148 182 rumomssuus.
1177 108 1241 171 261

61 275 167 334 tem
188 265 225 329 de
248 263 347 328 eaelo.
393 262 598 347 Intellegitur
622 265 683 329 hoc
707 266 847 348 primum
872 288 909 329 ex
933 265 1008 330 libri
1032 266 1062 329 V
1087 267 1124 330 de
1147 267 1168 330 l.
1187 266 1243 332 lat.

57 379 82 454 ξ
114 373 183 437 64
202 370 252 436 his
272 369 394 436 verbis:
419 369 529 454 ‘quare
552 371 637 455 quod
660 372 784 436 eaelum
808 372 1011 456 principium,
1035 373 1076 437 ab
1099 377 1169 437 satu
1194 378 1244 439 est

53 481 202 544 dictus
225 477 398 561 Satmnus,
422 481 455 541 et
478 477 562 561 quod
587 478 686 562 ignis,
715 477 940 543 Saturnalibus
964 480 1047 543 cerei
1071 480 1243 562 superiori·

50 585 158 648 bus
185 581 381 649 mittuntur':
405 584 456 648 cui
480 583 540 648 deo
560 582 662 667 Opem
687 585 832 668 sociavit,
856 589 976 672 terram
999 585 1244 670 interpretatus,

49 688 197 773 ‘quod
222 681 310 755 terra
339 688 464 756 mater'.
509 689 547 754 ln
577 691 774 777 eandemque
801 696 928 776 partem
956 690 1067 756 valent
1095 714 1177 776 quae
1205 715 1242 757 ex

46 794 217 864 Rerum
239 798 422 864 divinarum
444 797 538 861 libris
562 803 713 883 excerpta
732 800 943 885 Augustinus
958 799 1100 863 servavit
1122 799 1160 862 de
1184 799 1243 863 civ.

42 898 126 965 dei
177 907 195 971 l.
209 904 274 970 Vll
298 928 324 971 c.
346 906 386 970 13
405 902 574 970 ‘Saturnus
590 943 632 951 -
647 928 731 971 unus
755 907 793 970 de
816 905 1016 990 principibus
1035 905 1122 989 deus,
1144 928 1243 989 penes

41 1025 196 1086 quem
217 1012 379 1077 sationum
403 1013 548 1077 omnium
567 1013 751 1078 dominatus
776 1010 847 1096 cst’,
870 1012 1002 1076 conlata
1020 1012 1148 1095 quidem
1170 1034 1241 1076 eum

39 1107 168 1180 illis
190 1119 209 1183 1.
224 1117 285 1203 VI,
306 1120 326 1184 8
351 1118 447 1184 ‘sicut
469 1118 554 1184 idem
579 1120 730 1203 opinatur
754 1117 867 1201 Varro,
895 1118 979 1202 quod
1003 1119 1165 1202 pertineat
1186 1118 1242 1184 Sa·
1299 1154 1301 1159 >

37 1215 212 1288 turnas
239 1225 280 1289 ad
308 1225 446 1306 semina,
478 1248 560 1310 quae
587 1225 622 1290 in
648 1230 769 1291 terram
797 1226 835 1290 de
864 1249 927 1311 qua
955 1227 1102 1290 oriuntur
1124 1227 1242 1290 iterum

36 1327 269 1413 recidunt,
301 1332 380 1396 item
408 1353 480 1397 cum
507 1333 559 1397 his
583 1332 660 1417 Vll,
687 1333 726 1397 19
756 1331 942 1397 ‘Saturnum
970 1332 1134 1416 dixerunt,
1161 1355 1243 1417 quae

35 1434 181 1500 nata
201 1461 237 1503 ex
260 1459 299 1503 eo
323 1443 444 1521 essent,
475 1439 605 1503 solltum
629 1440 797 1521 deuorare,
820 1438 906 1523 quod
929 1461 967 1503 eo
991 1439 1127 1522 semina,
1159 1439 1243 1503 uude

36 1547 316 1628 nascerentur,
343 1544 507 1610 redirent?
555 1546 584 1610 Ε
608 1544 756 1611 Varrone
783 1567 855 1610 cunr
879 1545 1099 1609 Tertullianus
1126 1545 1244 1628 pendet
1275 1567 1288 1596 ·

36 1630 69 1697 l·
103 1639 175 1712 ῙΙ
196 1649 235 1714 ad
258 1655 325 1715 nat.
348 1673 374 1715 c.
396 1653 450 1715 12:
474 1651 586 1735 ‘aeque
609 1651 704 1716 latini
727 1652 878 1716 uocabuli
903 1675 922 1715 a
945 1652 1124 1716 sationibus
1148 1652 1274 1730 ratio·‚

38 1758 176 1818 nem
199 1757 234 1836 [ii
258 1757 433 1839 deducunt]
466 1759 522 1842 qui
551 1780 623 1822 eum
656 1764 895 1842 procreatorem
923 1758 1158 1822 coniectantur:
1187 1779 1245 1840 per

40 1865 176 1924 eum
197 1863 310 1944 [enim]
335 1864 505 1928 seminalia
529 1864 610 1928 caeli
635 1864 833 1945 [interram]
854 1864 997 1944 deferrI’,
1019 1869 1090 1929 tum
1114 1883 1272 1928 suorumr

40 1970 236 2033 Partem·
252 1968 396 2035 Isidorus
425 1969 514 2055 Orig.
537 1969 631 2054 VIII,
653 1972 702 2055 11,
721 1971 764 2035 30
795 1971 937 2054 repetiit:
968 1970 1064 2036 ‘hune
1087 1968 1198 2034 Latini
1226 1992 1246 2034 a

43 2071 177 2141 satu
198 2077 395 2161 appellatum
418 2077 540 2160 ferunt,
570 2079 662 2162 quasi
690 2077 730 2141 ad
754 2078 860 2161 ipsum
884 2079 969 2143 satio
993 2077 1155 2161 pertineat
1179 2098 1244 2140 om·

42 2168 335 2250 Ili111nrerum:
363 2185 415 2248 uel
440 2209 459 2248 a
481 2184 637 2268 temporis
662 2184 873 2270 longitudine,
897 2184 981 2269 quod
1006 2187 1170 2248 saturetur
1193 2205 1247 2247 an·

44 2274 177 2370 ¹5⁸³,
207 2294 240 2356 et
262 2291 318 2354 31:
352 2289 448 2375 ‘quod
477 2291 614 2374 semina,
634 2291 729 2355 unde
752 2291 914 2372 oriuntur,
946 2291 1062 2354 iterum
1091 2289 1247 2354 redeunt'.

44 2371 168 2456 Nee
192 2399 301 2461 tamen
324 2418 344 2460 a
367 2397 510 2480 generali
538 2397 674 2462 sationis
703 2397 902 2482 cogitatione
930 2416 1120 2482 segregasse
1140 2395 1246 2461 Varro

46 2479 245 2566 ipsorum
270 2522 424 2586 agrorum
447 2503 605 2568 sationem
630 2503 791 2587 putandus
813 2509 869 2587 est,
893 2504 1022 2588 quando
1042 2502 1171 2569 ‘falcem
1190 2502 1247 2583 ha·

48 2583 178 2670 bere
208 2614 342 2694 propter
374 2607 623 2694 agriculturam'
656 2609 738 2674 dixit
769 2613 853 2674 teste
885 2608 1070 2694 Augustino
1093 2608 1172 2695 VII,
1197 2610 1247 2687 19.

49 2688 216 2799 Itaque
237 2719 375 2799 utraque
397 2715 531 2780 notione
555 2715 679 2780 sociata
702 2714 887 2780 Macrobius
911 2715 977 2781 Sat.
1000 2715 1156 2800 1‚10‚19
1181 2716 1248 2782 ‘Sa
1370 2788 1372 2793 ,

52 2799 232 2886 tul'num
254 2822 388 2907 eiusque
410 2844 542 2887 uxorem
564 2819 696 2908 (Opem)
720 2826 787 2886 tam
810 2823 942 2907 frugum
965 2845 1062 2906 quam
1084 2823 1247 2888 fruetuum

51 2923 281 2999 repertores
305 2949 376 2993 esse
399 2927 501 2994 credi'
525 2929 639 2993 scribit
662 2928 783 3013 ‘itaque
806 2929 894 2993 omui
918 2930 983 2994 iam
1006 2931 1075 2995 fetu
1095 2950 1247 3015 agrorum

52 3029 216 3100 eotacto
239 3035 279 3099 ab
294 3034 481 3100 hominibus
499 3035 559 3100 hos
579 3036 655 3101 deos
675 3036 738 3101 coli
757 3037 849 3120 quasi
867 3037 955 3100 01100
975 3037 1122 3101 cultioris
1142 3042 1248 3102 aueto-
1336 3070 1343 3085 ·

53 3133 166 3200 ¹⁵08:
202 3163 282 3225 quos
310 3140 421 3206 etiam'
450 3142 511 3228 (sic
539 3143 625 3207 enim
654 3143 762 3228 pergit
789 3147 809 3223 ξ
833 3141 890 3227 20)
919 3141 1095 3207 ‘nonnullis
1123 3144 1248 3207 eaelum

53 3240 122 3294 ⁸0
158 3247 286 3313 terram
308 3269 378 3313 esse
400 3269 590 3331 persuasum
614 3253 678 3333 est,
709 3248 946 3333 Satumumque
975 3274 994 3313 a
1021 3253 1095 3314 satu
1118 3248 1249 3332 dictum,

53 3342 196 3417 euius
218 3375 314 3418 eausa
337 3353 376 3418 de
400 3354 489 3419 eaelo
513 3353 574 3418 est'
603 3378 629 3419 e.
647 3377 677 3439 q.
695 3379 720 3421 s.
766 3354 888 3420 Contra
916 3357 956 3420 ad
984 3356 1048 3420 vim
1077 3356 1248 3420 caelestem

51 3448 168 3518 ”011
195 3460 414 3544 exspatiantes
442 3460 475 3525 in
503 3465 648 3526 satorum
678 3462 709 3526 h.
728 3485 754 3527 e.
778 3459 924 3547 segetum
954 3463 1152 3547 cogitatione
1176 3462 1248 3527 sub·

51 3547 220 3630 8¹fitero
241 3571 275 3632 01
292 3565 459 3632 Arnobius
483 3567 554 3632 adv.
571 3572 638 3632 nat.
658 3567 714 3651 IV,
733 3568 753 3632 9
778 3567 970 3652 ‘praesidem
994 3567 1120 3632 satiuis'
1142 3568 1249 3633 diceus

48 3638 122 3764 d?
159 3673 335 3754 praeclara
358 3673 581 3737 emendatione
606 3670 739 3737 Canteri
763 3671 941 3758 (proditum
966 3677 1015 3737 est
1039 3673 1124 3737 enim
1149 3673 1250 3757 ‘prae-

45 3759 210 3844 ⁸¹de
228 3778 377 3864 latinis'),
400 3783 433 3843 et
451 3801 527 3843 vero
545 3779 707 3863 imprimis
727 3778 900 3843 luculentis
915 3779 1111 3844 testimoniis
1126 3778 1252 3864 Festus,

42 3854 209 3951 altero
237 3886 298 3952 hoc
322 3908 352 3971 p.
373 3887 437 3952 186
455 3885 512 3951 M.:
540 3885 669 3970 ‘Opima
693 3887 798 3970 spolia
825 3886 975 3950 dicuntur
999 3886 1158 3970 originem
1183 3888 1250 3972 qui·

78 3985 183 4052 e¹11
212 3992 376 4057 trahentia
408 3993 450 4057 ab
479 3991 546 4076 Ope
575 3991 706 4057 Saturni
735 4013 846 4074 uxore,
883 3992 967 4075 quod
997 3994 1067 4076 ipse
1099 4014 1251 4077 agrorum

33 4073 214 4161 culfaor
235 4098 381 4182 habetur,
409 4100 596 4164 nominatus
620 4122 639 4163 a
663 4103 750 4182 satu,
783 4102 959 4181 tenensque
986 4098 1101 4163 falcem
1125 4099 1251 4187 effingi-

200 4209 354 4290 quaeest
380 4205 506 4292 insigne
536 4203 710 4294 agricolae'
734 4228 759 4271 e.
779 4227 807 4288 q.
827 4228 865 4291 s.,
897 4206 999 4270 altero
1026 4205 1123 4291 longe
1152 4207 1251 4273 etiam
