2948 5048
435 334 605 388 rourorur
627 340 770 389 asssvm
793 340 939 389 scurra.
1050 386 1053 390 ,
1216 323 1260 388 25

112 482 297 548 Fatendum
325 486 375 546 est
401 486 512 546 tamen
540 486 573 547 et
601 483 667 573 vim
696 488 730 549 et
756 483 852 548 fidem
879 483 976 548 huius
1002 482 1261 549 ratiocinationis
1383 537 1391 550 .

112 611 184 655 nou
206 589 321 654 leviter
343 610 381 654 eo
400 588 605 674 labefactari,
628 590 727 675 quod,
751 590 985 674 qualecumque
1003 611 1138 675 sequare
1159 590 1264 672 dispo-

112 695 214 760 nendi
238 715 353 781 genus,
376 695 625 783 haudquaquam
648 697 720 781 pari
744 698 793 762 vel
816 696 915 761 simili
936 697 1156 762 concinnitate
1174 697 1208 761 in
1227 718 1265 761 ea

114 807 210 888 parte
238 824 401 886 versuum,
434 825 515 887 quae
544 805 584 868 ab
613 804 717 869 initiis
746 826 847 889 usque
880 805 921 869 ad
949 805 1082 870 lacunas
1114 803 1294 887 pertinetis

114 910 300 974 litterarum
322 932 474 975 numeros
497 917 693 995 exaequatos
717 911 876 994 videmus,
904 917 1001 996 atque
1029 911 1136 976 minus
1165 910 1264 975 etiam

116 1019 304 1081 constanter
326 1017 362 1081 iu
384 1017 482 1083 tertio
506 1022 538 1082 et
562 1018 664 1083 altero
690 1041 786 1103 quam
805 1020 839 1084 in
862 1019 968 1103 primo
992 1014 1147 1102 exemplo.
1179 1016 1264 1082 Nam

117 1144 192 1186 cum
221 1124 255 1188 in
281 1123 386 1208 primo
414 1146 480 1188 uon
506 1125 674 1208 pauciores
703 1148 799 1210 quam
828 1143 903 1209 xvi,
935 1146 993 1189 nec
1025 1125 1135 1207 plures
1168 1146 1264 1209 quam

116 1247 181 1294 xlx
209 1229 337 1295 litteras
367 1253 585 1296 numeremus:
618 1231 652 1297 in
680 1232 785 1297 altero
813 1232 897 1296 inter
924 1249 984 1295 xvr
1013 1234 1045 1295 et
1072 1250 1119 1296 xx
1147 1229 1189 1316 (.
1216 1230 1264 1296 15.

120 1337 171 1400 16.
197 1332 252 1422 18)
275 1337 412 1401 fluctuat
434 1357 600 1421 numerus,
633 1337 667 1402 in
690 1338 787 1403 tertio
819 1338 860 1403 ad
883 1356 943 1403 xm
968 1337 1047 1402 ade'o
1070 1337 1112 1423 (v.
1135 1338 1183 1404 15.
1210 1337 1263 1423 16)

116 1444 333 1528 progreditur.
1051 1519 1055 1526 ¹

209 1549 298 1615 Haec
321 1551 423 1636 igitur
446 1573 519 1616 cum
543 1552 591 1616 ita
613 1575 648 1616 se
666 1552 823 1637 habeant,
846 1552 973 1637 quando
992 1574 1051 1636 pro
1071 1555 1159 1617 certo
1181 1551 1264 1617 nihil

117 1657 272 1741 amplecti
306 1657 340 1722 in
372 1658 474 1723 tantis
508 1658 746 1725 dubitationum
778 1659 929 1725 fluctibus
962 1660 1051 1743 licet,
1085 1660 1265 1726 consultius
1377 1699 1378 1703 =

117 1757 301 1829 videbimur
334 1765 425 1830 illinc
456 1765 631 1849 proficisci,
667 1765 752 1851 quod
785 1766 914 1851 singula
949 1766 1174 1850 supplementa
1206 1789 1264 1831 sua

118 1869 354 1936 Mommsenius
382 1872 478 1956 plane
505 1875 645 1937 testatus
677 1876 736 1937 est'
757 1877 790 1938 et
816 1873 990 1938 identidem
1023 1872 1200 1962 affirmavit
1231 1873 1265 1938 in

117 1979 306 2042 lacunarum
336 1979 444 2062 spatia
470 1979 622 2064 religiose
653 1981 894 2045 accommodata
917 2002 996 2045 esse.
1042 1980 1111 2056 Quo
1136 1981 1265 2064 quidem
1344 2040 1346 2043 ,

118 2086 168 2149 ita
191 2089 326 2169 utemur,
348 2090 385 2150 ut
408 2086 502 2151 unius
526 2086 692 2152 litterulae
715 2086 887 2151 discrimen
909 2109 975 2152 non
1001 2087 1099 2151 nimis
1128 2085 1265 2151 sollicite

118 2213 280 2276 curemus,
303 2191 494 2276 praesertim
517 2212 590 2257 cum
614 2191 735 2276 aliquid
759 2192 859 2256 etiam
882 2191 1062 2257 diversitati
1081 2191 1264 2257 litterarum

118 2298 260 2363 dandum
294 2320 364 2363 esse
396 2320 547 2364 versuum
574 2299 596 2365 5
624 2301 698 2364 etii
728 2299 910 2383 exemplum
942 2299 1057 2364 doceat
1086 2298 1127 2362 ud
1159 2299 1263 2382 ipsam

117 2405 235 2489 lapidis
259 2405 505 2470 similitudinem
528 2428 722 2490 expressum.
763 2407 876 2491 Itaque
900 2428 972 2471 cum
995 2429 1023 2471 v.
1045 2407 1087 2470 10
1109 2409 1142 2469 et
1167 2406 1204 2469 11
1228 2407 1265 2470 in

118 2506 261 2578 Guarini
292 2516 329 2577 ut
364 2513 492 2577 videtur
527 2512 762 2596 supplementis
798 2511 1031 2578 Mommsenius
1068 2512 1266 2596 acquieverit

118 2618 242 2704 (ipsum
270 2618 357 2684 enim
385 2617 519 2683 Guarini
547 2619 665 2684 librum
692 2620 837 2709 dolemus
869 2618 921 2682 his
950 2617 984 2681 in
1012 2617 1106 2682 terris
1133 2621 1265 2701 praesto

117 2748 186 2790 non
202 2723 297 2809 esse),
309 2726 429 2791 rectius
448 2730 558 2791 tamen
576 2748 691 2809 parum
711 2726 842 2810 placens
862 2724 1057 2791 constructio
1076 2724 1135 2788 illu
1147 2729 1265 2789 utrum·

116 2853 176 2915 quc
193 2837 229 2896 ut
241 2837 315 2898 esset
332 2834 467 2898 taedium
479 2831 564 2898 Italo
585 2833 696 2898 critico
715 2832 925 2919 relinquenda
943 2836 1020 2897 erat
1047 2829 1160 2916 Neque
1179 2831 1264 2896 enim
1279 2828 1297 2865 '

118 2937 334 3003 dubitandum
357 2939 436 3023 quin
454 2940 611 3024 scriptum
629 2939 729 3006 fuerit
753 2951 882 3004 nennio
896 2973 903 2988 ·
919 2962 981 3004 ur·
999 2958 1101 3004 ucria
1115 2974 1123 2989 ·
1137 2957 1265 3005 nonvm

102 3045 164 3093 2-
182 3043 373 3128 Impeditior
395 3045 434 3110 de
457 3047 549 3110 v.12
572 3051 606 3111 et
631 3046 671 3111 13
694 3046 873 3128 disputatio
901 3047 952 3109 est
975 3047 1007 3108 et
1030 3044 1122 3108 valde
1146 3065 1264 3128 anceps

118 3151 289 3237 iudicium,
312 3173 385 3216 eum
408 3152 493 3236 quod
515 3174 582 3217 nou
604 3153 699 3217 unius
721 3151 899 3234 sententiae
917 3150 1092 3216 necessitas
1110 3150 1188 3217 data
1207 3155 1265 3235 est,

118 3257 176 3323 sed
204 3258 420 3340 complurium
449 3258 545 3344 copia·
569 3258 655 3324 facta
682 3280 855 3343 earumque
884 3258 1007 3323 variam
1035 3257 1264 3323 conformatio-

117 3385 194 3429 nem
212 3363 466 3450 admittentium,
488 3368 558 3430 tum
576 3365 662 3450 quod
685 3387 744 3430 nec
762 3366 858 3450 plena
877 3366 957 3430 satis
975 3386 1034 3430 nec
1053 3365 1207 3431 distinctu
1225 3364 1264 3429 de

118 3471 194 3554 ipsa
216 3470 335 3554 lapidis
358 3471 545 3537 condicione
572 3471 668 3536 nobis
691 3472 878 3537 testimonia
902 3472 1028 3537 adsunt.
1065 3470 1128 3536 Vix
1156 3475 1264 3537 autem

117 3576 274 3661 opinione
291 3582 487 3665 auguratum
506 3599 577 3643 esse
590 3576 840 3642 Mommsenium
855 3579 1016 3662 putemus,
1039 3576 1151 3661 quanti
1169 3577 1265 3643 nobis
1358 3650 1363 3662 ⁸

116 3683 299 3769 quantillae
330 3685 377 3750 rei
409 3684 527 3750 certior
558 3684 703 3749 delinitio
736 3685 845 3749 futura
877 3686 971 3748 esset.
1018 3682 1089 3748 Hoc
1119 3684 1265 3769 dicimus,

117 3791 204 3876 quod
233 3812 300 3856 non
326 3792 406 3857 satis
434 3813 472 3856 ex
500 3792 568 3856 eius
596 3792 704 3856 verbis
732 3792 935 3876 perspicitur,
964 3793 1086 3874 utrum,
1117 3813 1197 3875 quas
1225 3791 1265 3857 de

115 3899 303 3964 litterarum
328 3899 476 3984 vestigiis
504 3904 581 3983 post
604 3917 673 3964 svm
700 3899 735 3963 in
762 3898 871 3982 lapide
900 3896 1021 3961 relictis
1045 3890 1264 3962 dubitationes

115 4005 327 4090 significavit,
351 4005 450 4071 etiam
469 4005 509 4069 ad
528 4006 559 4071 A
577 4004 670 4089 illud,
694 4027 735 4068 an
754 4005 794 4068 ad
813 4026 851 4068 ea
870 4007 997 4068 tantum
1017 4007 1164 4085 spectent
1182 4026 1264 4088 quae

114 4115 204 4179 hanc
226 4116 339 4177 notam
363 4115 523 4177 secuntur.
553 4111 625 4178 Hoc
648 4113 676 4176 si
695 4111 812 4190 voluit,
836 4110 942 4175 solum
960 4114 1091 4194 praesto
1111 4114 1160 4174 est
1178 4111 1264 4197 quod
1376 4143 1379 4148 ’

114 4222 183 4286 huc
197 4218 333 4303 quadret
351 4234 420 4284 svn
432 4251 439 4266 ·
450 4235 563 4300 amre,
582 4217 689 4281 Plauti
704 4216 833 4300 quidem
853 4216 1016 4281 imitatore
1036 4216 1263 4301 dignissimum

114 4326 269 4409 idemque
292 4323 333 4389 ad
356 4345 466 4388 veram
493 4324 528 4387 in
551 4322 702 4388 Plautino
731 4322 788 4387 illo
818 4322 903 4407 apud
926 4318 1068 4387 Gellium
1096 4323 1263 4408 epitaphio

116 4433 315 4516 scripturam
338 4429 506 4513 Postquam
528 4435 572 4496 est
592 4434 720 4496 morem
741 4434 833 4514 aptus
853 4430 987 4497 Plautus
1009 4435 1085 4516 post
1107 4451 1158 4514 ea,
1182 4453 1262 4515 quae
