3048 5140
313 367 379 430 304
591 383 709 433 ronsm
733 384 931 434 servarum
955 383 1188 433 serorauowu.

312 525 459 610 potentia
481 525 659 612 humilique
682 527 870 594 mortalium
894 527 1081 610 condicione
1100 525 1296 592 sententiam
1323 524 1471 590 credide-

312 631 367 716 rit,
389 632 478 698 nullo
503 633 614 698 labore
639 631 808 699 Saturnios
831 633 889 699 illo
912 634 983 718 ipso
1007 632 1086 697 duee
1108 633 1169 698 hos
1192 633 1397 698 constituat:

491 775 508 807 2
562 775 579 808 4
597 776 651 808 02
668 782 688 808 υ
731 776 749 808 1
767 759 836 823 ille
859 757 1079 842 inperatore

456 863 510 929 Tu
533 861 598 928 illi
619 863 854 948 ceteris[que
876 901 899 910 —
923 864 998 946 dis]
1021 864 1314 930 medicatrinus.
1492 843 1514 890 ⁹

313 987 396 1053 Mihi
419 989 525 1054 fateor
546 989 643 1074 longe
667 993 700 1054 et
723 989 954 1076 simpliciorem
978 994 1010 1054 et
1032 990 1214 1055 tenuiorem
1233 988 1377 1056 Catonis
1402 1009 1470 1052 sen·

313 1094 452 1160 tentiam
474 1093 590 1179 videri,
618 1117 685 1161 non
709 1118 727 1160 e
749 1118 879 1162 recessu
908 1097 1018 1182 aliquo
1046 1095 1275 1180 philosophiae
1303 1096 1472 1176 haustam,

314 1201 369 1266 sed
384 1201 425 1265 ad
438 1200 526 1267 vitae
540 1202 687 1286 priyatae
701 1202 846 1268 rationes
861 1202 1135 1286 necessitatesque
1154 1205 1374 1285 spectantem.
1398 1200 1469 1266 Dis-

315 1308 471 1372 suadebat
499 1308 584 1372 euim
610 1308 683 1392 ille,
716 1309 743 1373 si
768 1307 843 1393 quid
866 1309 974 1392 video,
1002 1307 1139 1374 nimiam
1166 1308 1200 1372 in
1224 1330 1342 1373 servos
1367 1305 1469 1372 indul-

317 1413 462 1498 gentiam
486 1415 536 1480 vel
560 1437 633 1480 oum
658 1415 760 1481 servis
783 1414 1041 1480 familiaritatem
1064 1415 1117 1480 vel
1141 1413 1264 1498 aliquid
1288 1414 1469 1498 similant

315 1543 378 1607 quo
411 1520 506 1586 facile
538 1521 682 1587 eveniret
712 1525 750 1586 ut
781 1522 941 1588 obnoxius
977 1543 1070 1588 servo
1107 1521 1257 1586 dominus
1295 1519 1469 1586 oboediret

314 1628 423 1712 potius
447 1649 545 1712 quam
569 1629 807 1714 obtemperanti
831 1629 1016 1713 imperaret.
1048 1625 1095 1692 Vt
1113 1627 1199 1692 enim
1218 1627 1358 1709 imperat
1379 1626 1468 1692 fami·

315 1733 379 1798 liae
402 1734 551 1799 dominus
578 1735 711 1820 proprio
739 1735 889 1801 vocabuli
916 1757 991 1817 usu,
1019 1738 1053 1799 et
1081 1732 1202 1799 domini
1225 1733 1470 1818 imperiumst

315 1840 350 1905 in
373 1863 497 1924 servos,
528 1841 577 1905 ita
598 1839 684 1934 idem
711 1843 880 1925 inperator
907 1841 1011 1906 dictus
1041 1845 1091 1906 est
1118 1841 1188 1905 sine
1218 1839 1287 1904 ulla
1314 1839 1466 1924 publicae

314 1947 485 2033 dignitatis
509 1946 716 2032 cogitatione.
753 1946 853 2013 Velut
876 1969 948 2012 cum
972 1947 1056 2031 apud
1082 1945 1235 2011 Plautum
1259 1942 1468 2011 Curculionis

314 2053 340 2138 Ι,
358 2055 389 2138 2,
408 2055 451 2119 20
472 2053 524 2118 hi·
548 2052 655 2118 verbis
678 2055 758 2138 redi,
780 2055 893 2137 respice
914 2055 958 2119 ad
977 2074 1025 2118 me
1047 2053 1237 2118 inclamanti
1259 2051 1465 2117 Phaedromo

316 2182 396 2224 anus
419 2159 593 2244 respondet
614 2161 783 2242 imperator
803 2161 874 2243 qaas
896 2159 962 2226 ast?
1004 2158 1068 2225 Vel
1092 2181 1165 2224 oum
1188 2159 1222 2222 in
1244 2155 1464 2224 Menaechmis

316 2289 345 2332 v.
363 2267 430 2330 444
451 2265 533 2331 haec
555 2268 632 2330 sunt
644 2263 858 2331 Messenionis
883 2267 993 2331 verba:
1019 2264 1081 2330 Sed
1097 2286 1149 2348 ayo
1166 2265 1297 2330 issaar
1319 2286 1393 2331 1111
1414 2265 1465 2346 qui

314 2393 365 2439 ero
390 2393 438 2438 me
458 2373 611 2456 postulem
637 2373 842 2438 modaars'er:
873 2371 966 2438 Dicto
994 2393 1042 2437 ore
1068 2373 1141 2436 erait
1162 2372 1355 2450 audientem,
1383 2369 1467 2436 laud

314 2481 528 2563 imperatorem
558 2479 626 2546 sai.
675 2477 737 2544 Vel
766 2477 909 2562 Tyndari
936 2479 970 2544 in
996 2476 1142 2564 Captivis
1170 2477 1216 2560 Π,
1241 2479 1276 2564 2,
1299 2481 1344 2545 57
1374 2479 1461 2542 haec:

316 2587 378 2668 Qui
403 2587 556 2669 imperare
582 2587 755 2668 insumam,
786 2606 870 2650 aare
901 2586 1029 2651 altram
1060 2586 1189 2668 inmersi)
1221 2586 1377 2668 obsmrwr.
1420 2581 1462 2648 Et

313 2695 436 2775 quidam
458 2694 488 2758 ai
504 2692 636 2774 proinde
664 2697 699 2756 ut
719 2691 855 2774 1111111
875 2693 1042 2775 imperator
1062 2691 1218 2772 familt'r'ze,
1245 2691 1392 2758 Habeam
1413 2691 1460 2755 aa

314 2801 448 2882 minam,
471 2818 533 2867 aaa
555 2817 665 2862 rsaear
686 2817 725 2862 ae
746 2797 860 2862 laicate
880 2803 937 2862 aut
959 2798 1100 2880 prauiter
1126 2798 1172 2861 mi
1198 2799 1335 2882 imperat.
1380 2795 1459 2862 Hinc

315 2904 415 2990 igitur
438 2925 638 2988 consequens
657 2926 728 2968 esse
747 2904 906 2984 volumus,
929 2909 967 2969 ut
985 2905 1019 2968 in
1037 2904 1123 2969 hanc
1141 2904 1207 2969 fere
1226 2905 1367 2990 speciem
1383 2901 1458 2969 Cato

316 3009 383 3075 filio
406 3010 609 3094 praeceperit
630 3007 706 3096 (V):

360 3133 433 3198 Ille
456 3131 674 3218 inperator,
697 3137 739 3199 td
762 3134 827 3199 illi
850 3172 871 3181 -
895 3136 999 3201 certe
1023 3136 1100 3201 eris
1124 3135 1411 3203 mediastn‘nus.

875 3331 895 3396 8

277 3463 301 3501 n
405 3435 482 3502 Non
505 3437 610 3521 magis
631 3433 801 3503 Salumius
824 3379 978 3504 numerus
1001 3439 1084 3505 latet
1106 3439 1141 3504 in
1164 3439 1230 3504 illis
1254 3439 1341 3524 apud
1359 3439 1393 3503 h.
1406 3433 1454 3499 se-

316 3564 428 3610 necam
451 3543 556 3628 Epist.
579 3541 689 3628 ΧΗ
713 3541 826 3630 (vulgo
849 3541 909 3631 94)
933 3547 953 3625 ξ
977 3545 1020 3611 28
1043 3547 1240 3631 praeceptis:

359 3684 573 3751 1111111161
596 3685 695 3770 quod
718 3689 813 3771 opus
837 3690 908 3772 est,
929 3725 952 3734 -
976 3687 1039 3752 sed
1063 3688 1161 3772 quod
1183 3689 1343 3755 necesse
1365 3689 1429 3752 est:

361 3791 466 3868 Quod
489 3793 565 3858 n6n
588 3793 682 3876 opus
706 3796 777 3878 est,
802 3796 887 3859 asse
910 3831 932 3841 -
955 3796 1083 3860 aarum
1107 3799 1166 3860 est
1192 3811 1210 3846 4
1227 3817 1247 3844 υ
1264 3813 1281 3846 ι
1298 3818 1318 3845 υ

316 3934 518 4018 Quamquam
542 3956 614 3999 oum
637 3935 740 4019 ipsius
763 3937 829 4003 vim
853 3938 1032 4004 sententiae
1051 3938 1286 4022 expendentem
1304 3958 1371 4002 non
1388 3951 1451 4018 pos·

316 4044 367 4105 set
388 4039 500 4125 fugere
524 4039 647 4126 aliquid
667 4064 687 4107 a
705 4040 827 4108 Seneca
845 4045 1110 4128 praetermissum
1129 4065 1209 4128 esse,
1232 4065 1296 4127 quo
1317 4059 1450 4108 necessu·

316 4145 437 4212 riarum
460 4169 568 4212 rerum
596 4149 731 4233 emptio¹
747 4151 949 4235 probaretur,
979 4150 1092 4216 eadem
1119 4149 1366 4216 ratiocinatione
1395 4163 1448 4229 qut

316 4259 431 4338 postea
463 4254 600 4320 vidimus
630 4253 830 4321 Boeclrhium
859 4277 968 4340 usum,
1003 4255 1044 4322 ad
1071 4257 1206 4323 duorum
1236 4253 1448 4321 Saturniomm

317 4381 490 4444 eorumque
518 4361 685 4445 aliquanto
715 4361 935 4426 venustiorum
961 4361 1046 4426 hanc
1072 4362 1341 4428 instaurationem
1368 4360 1445 4424 duce·

317 4467 431 4533 bamur
454 4467 550 4551 longe
574 4471 607 4532 et
630 4467 905 4558 simplicissimam
928 4473 961 4532 et
984 4469 1209 4550 planissimam
1233 4465 1322 4554 (va
