3074 5138
328 379 394 444 466
439 397 487 443 nn
511 393 776 442 nnunruurrorm
801 389 947 453 ovinum
970 391 1103 439 aarum
1126 389 1396 439 ancounmronn.
1524 399 1525 434 1

328 539 495 605 sciscimua
527 551 633 602 meu‘s
665 539 762 602 mius
790 558 982 620 pronomen,
1015 557 1089 600 oum
1122 535 1213 599 dens
1245 533 1332 599 dius
1360 533 1465 598 formis

275 643 279 650 ’
328 647 500 712 affinitate
516 667 645 710 summa
672 645 845 711 sociatum:
879 665 1016 729 quorum
1049 641 1143 726 illud,
1175 641 1260 727 quod
1290 645 1340 706 est
1364 641 1466 720 mius,
1524 639 1525 642 ’

326 776 394 819 non
419 751 621 837 grammatici
644 754 771 816 tantum
791 753 955 816 testantur
969 747 1135 815 Charisius
1158 746 1191 812 Il
1214 770 1245 832 p.
1262 747 1325 812 133
1343 747 1376 812 P.
1399 746 1467 826 159,

331 859 370 924 17
390 859 430 926 Κ.
454 882 527 925 cum
550 857 707 932 Diomede
729 857 746 922 Ι
768 880 798 940 p.
814 857 878 922 319
898 857 933 920 P.
957 855 1032 938 331,
1054 853 1162 938 1411,
1192 853 1376 920 Priscianus
1392 851 1467 916 XIII
1524 921 1525 926 .

329 989 359 1050 p.
378 966 443 1030 962
461 965 497 1029 P.
529 965 579 1048 11,
601 963 715 1047 1311,
747 963 862 1028 Velius
889 961 1021 1047 Longus
1048 984 1079 1046 p.
1105 961 1202 1044 2236,
1223 961 1280 1045 10,
1316 959 1466 1026 sedante
1524 989 1525 1014 1

329 1073 439 1138 oculos
467 1072 561 1156 ponit
588 1071 729 1155 elogium
758 1067 921 1153 Scipionis
953 1066 1090 1152 Hispani
1119 1067 1153 1131 in
1181 1089 1245 1152 quo
1274 1070 1324 1131 est
1352 1063 1465 1130 llIIlllS
1524 1053 1525 1080 l

328 1177 523 1243 MORIBVS
547 1177 718 1261 scriptum,
740 1175 985 1260 pronuntiatum
1009 1177 1118 1238 autem
1135 1173 1382 1253 μονοευλλάβω(
1403 1174 1466 1236 aaa.
1524 1169 1525 1238 1

328 1267 442 1368 Neque
466 1285 552 1349 enim
575 1285 627 1348 vel
651 1306 670 1347 a
693 1304 797 1346 meus
829 1282 880 1345 vel
908 1281 1063 1364 amius‚
1096 1280 1153 1345 sed
1180 1303 1200 1344 a
1228 1279 1369 1363 compari
1397 1279 1465 1343 huic

330 1391 401 1456 mis
425 1392 626 1456 nominativo
648 1388 723 1454 flexi
742 1392 820 1453 aunt
842 1387 913 1452 mis
937 1388 1105 1473 genetivus
1130 1391 1164 1451 et
1186 1386 1236 1450 mi
1260 1384 1387 1451 dativus
1409 1385 1466 1469 pri·

330 1519 402 1562 maa
425 1519 597 1582 personae,
626 1497 674 1561 mi
698 1496 866 1561 vocativus
889 1498 923 1559 et
945 1495 994 1558 mi
1021 1491 1243 1560 nominativus
1266 1492 1400 1576 pluralis
1422 1489 1467 1576 (nt
1524 1531 1525 1534 =

330 1605 376 1668 mi
397 1603 534 1669 hmines
555 1605 601 1668 mt
622 1608 802 1686 spectatores
825 1605 858 1666 at
880 1622 898 1666 0
920 1602 965 1664 mi
988 1601 1068 1666 occdi
1090 1599 1176 1684 apud
1198 1598 1364 1684 Plautum,
1388 1621 1409 1663 o
1430 1597 1468 1660 mi

330 1709 461 1792 hospites
483 1710 568 1794 apud
585 1708 789 1796 Petronium)
813 1708 988 1792 possessivi
1013 1706 1230 1792 pronominis:
1253 1727 1334 1791 quae
1356 1724 1468 1790 genera

331 1819 458 1882 ratione
483 1817 701 1901 etymologica
729 1838 795 1882 uon
822 1837 894 1880 esse
921 1815 1065 1899 disparia
1087 1816 1188 1898 patet
1234 1809 1466 1896 Habuitquaiu

332 1925 445 2010 lingua
468 1927 634 2007 tamquam
657 1921 838 1986 recordatio
867 1919 1026 2006 quaedam
1056 1919 1213 2004 pristinae
1238 1915 1467 1984 consuetudinis
1524 1947 1525 1950 ¹

330 2029 415 2095 hanc
438 2029 504 2094 vim
528 2031 577 2110 ut,
600 2049 673 2092 oum
695 2026 822 2112 pridem
845 2027 1040 2092 exolevisset
1062 2026 1134 2090 mis
1158 2021 1191 2091 e't
1213 2026 1302 2091 mim
1326 2023 1366 2112 (is
1389 2023 1466 2088 enim
1524 2055 1525 2060 κ

331 2135 536 2200 hauddubie
565 2132 768 2198 accusativus
796 2132 875 2217 fuit)
903 2134 935 2197 et
962 2132 1011 2196 mi
1038 2132 1216 2198 formarum
1246 2155 1337 2216 usus,
1366 2135 1465 2196 tameu

327 2241 561 2326 monosyllaba
592 2240 816 2324 pronuntiatio
848 2239 882 2304 in
915 2239 961 2304 ais
995 2262 1077 2325 quae
1114 2243 1339 2306 successerunt
1373 2257 1466 2302 meus
1524 2281 1525 2284 ,

332 2349 405 2413 mei
436 2369 555 2412 meum
588 2347 660 2411 mai
693 2346 834 2412 duraret.
878 2346 1028 2431 Namque
1056 2346 1137 2411 unde
1165 2351 1218 2412 sat
1245 2366 1343 2431 grave
1370 2347 1466 2410 firma-

334 2456 478 2518 mentum
497 2453 598 2520 totius
617 2453 877 2519 ratiocinationis
896 2457 1028 2518 nostrae
1048 2454 1202 2537 suppetit,
1220 2453 1303 2518 illud
1321 2447 1466 2536 estquod
1524 2445 1525 2474 ¹

334 2560 560 2626 enominibus
583 2561 617 2624 iu
640 2562 706 2624 effr‘s
729 2559 919 2625 excuntibus
943 2560 1092 2625 omnibus
1112 2559 1175 2624 duo
1195 2559 1267 2624 sola
1290 2563 1365 2624 suut
1386 2558 1466 2622 deus

334 2670 367 2732 et
395 2690 512 2751 meua,
539 2689 621 2752 quae
649 2668 682 2732 in
710 2668 857 2733 scaenica
884 2667 988 2752 poesi,
1018 2688 1078 2732 nea
1106 2669 1233 2731 tautum
1265 2667 1300 2731 in
1322 2661 1466 2730 liberiori·

317 2761 395 2839 'bus
417 2774 539 2856 metris,
563 2773 618 2839 sed
642 2774 676 2838 iu
700 2775 833 2838 senariis
858 2795 985 2858 quoque
1009 2773 1278 2857 septenariisque,
1306 2771 1466 2858 synizesim

334 2903 378 2946 eu
407 2869 441 2944 ei
469 2903 510 2946 eo
539 2901 582 2944 ea
610 2880 809 2964 syllabarum
838 2880 1026 2964 admittant,
1058 2901 1117 2945 nec
1152 2879 1327 2965 aliquando
1363 2877 1466 2944 admit·

334 2989 420 3070 tant,
444 2986 498 3050 sed
522 2985 741 3071 frequentent,
763 3008 823 3051 nec
845 2987 879 3050 in
902 2986 1095 3070 quibusdam
1119 2985 1257 3070 casibus,
1281 2987 1336 3051 sed
1356 2987 1388 3050 in
1406 3005 1467 3050 om·
1524 3053 1525 3058 .

333 3090 430 3156 nibus
459 3096 588 3176 praeter
616 3114 710 3157 mea:
742 3097 893 3158 neutrum
921 3095 1029 3158 autem
1053 3092 1180 3177 plurale
1203 3113 1244 3156 ne
1269 3115 1289 3156 a
1311 3092 1379 3157 mis
1405 3090 1465 3177 qui·
1524 3119 1525 3132 ¹

334 3197 407 3262 dem
435 3197 522 3263 aliud
549 3199 613 3263 nisi
641 3199 717 3263 mia
744 3200 813 3263 fieri
840 3198 956 3284 potuit.
1001 3198 1095 3263 Vnde
1122 3221 1188 3264 uon
1215 3198 1377 3263 immerito
1399 3217 1465 3263 eon·

334 3304 435 3390 ligere
463 3304 609 3371 videmur
637 3328 657 3370 a
684 3305 742 3369 dis
771 3305 840 3371 mis
868 3305 1080 3370 nominativis
1108 3303 1270 3389 profectos
1298 3301 1465 3370 vetustissi-

336 3433 406 3476 mos
430 3409 600 3488 ἀναλόγω(
623 3411 800 3476 declinasse
824 3434 882 3495 per
901 3433 1013 3476 omncs
1033 3415 1067 3477 et
1085 3433 1179 3477 casus
1198 3415 1232 3477 et
1249 3433 1403 3476 numeros.
1428 3407 1466 3474 lu

335 3517 375 3582 ds
398 3519 546 3583 vocativo
566 3519 694 3603 quidem
719 3517 782 3601 mi,
805 3517 859 3604 qui
884 3519 1075 3602 permansit,
1098 3519 1203 3602 ipsam
1222 3517 1391 3582 veritatem
1408 3515 1464 3579 iau

335 3627 459 3688 veteres
482 3625 632 3709 magistri
655 3645 756 3708 prope
780 3625 972 3709 attigerrmt,
987 3637 1061 3689 non
1082 3624 1175 3689 illum
1198 3645 1218 3688 a
1241 3645 1357 3708 maus,
1379 3621 1465 3688 seda

336 3730 434 3795 mius
459 3735 656 3815 repetentes,
680 3729 792 3796 Celsus
816 3735 913 3814 atque
928 3727 1094 3796 Charisius
1113 3729 1146 3816 (l.
1166 3753 1189 3795 s.
1210 3727 1249 3817 s.)
1274 3729 1465 3796 aPrisciauo

296 3864 322 3904 aa
337 3837 469 3902 excitati
491 3837 512 3900 1.
531 3859 555 3901 s.
575 3859 599 3900 a.
636 3836 838 3920 Quamquam
863 3839 895 3902 at
918 3837 971 3902 hie
994 3840 1027 3902 at
1049 3833 1216 3903 Charisius
1239 3861 1270 3922 p.
1290 3838 1333 3904 86
1347 3837 1380 3904 Ρ.
1403 3835 1465 3914 111,

339 3944 380 4012 13
394 3943 433 4008 Κ.
456 3965 528 4008 oum
553 3943 601 4008 mi
625 3945 682 4008 uui
699 3944 878 4009 masculino
895 3944 1052 4028 tribuunt,
1076 3943 1266 4009 abiudicant
1285 3967 1305 4010 a
1323 3943 1464 4010 feminino

336 4071 468 4137 genera,
501 4049 655 4135 fugerunt
678 4071 732 4115 eos
756 4050 836 4114 talia
858 4051 969 4136 qualia
998 4073 1015 4115 e
1038 4051 1150 4136 lingua
1172 4051 1314 4138 vulgari,
1341 4056 1377 4117 ut
1402 4069 1464 4116 cou-

338 4162 527 4222 sentaneum
551 4161 601 4221 est
624 4156 766 4241 credere,
793 4155 973 4242 Appuleius
1002 4157 1139 4223 adscivit
1165 4159 1231 4224 iam
1255 4181 1274 4224 a
1298 4157 1412 4224 Vossio
1433 4154 1464 4220 da
1524 4231 1525 4242 ἶ

337 4264 422 4330 anal.
439 4257 497 4347 IV,
515 4264 535 4328 8
559 4263 740 4348 composita
762 4265 807 4328 mi
828 4285 922 4347 soror,
945 4264 990 4327 act
1009 4265 1145 4330 contusa
1164 4263 1255 4348 (nam
1273 4265 1313 4330 de
1331 4265 1375 4330 mi
1390 4263 1465 4330 eitra
1524 4245 1525 4318 Ϊ

336 4371 466 4436 novicia
485 4371 513 4436 ei
534 4371 743 4455 interpolatio
758 4371 864 4436 fraudi
879 4371 969 4458 fuit):
993 4395 1075 4455 quae
1093 4373 1167 4457 ipsa
1184 4394 1269 4438 novo
1288 4372 1464 4440 documento

338 4479 416 4542 sunt
438 4499 502 4544 non
526 4499 546 4541 a
568 4477 664 4543 mius
687 4478 797 4561 potius
820 4501 917 4562 quam
941 4501 960 4544 a
983 4480 1053 4544 mis
1077 4479 1156 4546 fecti
1179 4480 1328 4548 vocativi.
