2948 5048
432 320 600 369 eoneoun
623 321 768 370 anssvnr
792 322 959 393 16111111.Ι
1215 309 1256 371 21

107 459 255 547 (quando
279 463 319 528 ad
344 463 505 529 coloniam
532 463 735 529 duumvirum
764 465 978 550 magistratus
1002 464 1142 551 spectat)
1170 488 1257 531 men·
1371 512 1377 522 ·

107 569 232 634 tionem
261 593 328 636 non
357 593 453 656 posse
486 592 554 636 non
584 571 798 654 posteriorem
829 593 899 635 esse
927 570 1123 660 Vespasiani
1151 555 1257 640 aetate

107 677 309 759 persuadeat,
332 677 366 742 id
389 661 537 742 lubenter
560 677 751 761 accipimus,
775 678 830 742 sed
854 678 902 742 ita
926 678 1111 761 accipimus,
1134 683 1257 744 utnon
1368 761 1372 768 q

106 782 206 846 tertio
229 783 339 867 potius
363 806 459 868 quam
483 784 622 850 secundo
641 807 672 868 p.
687 782 761 849 Chr.
777 784 905 849 saeculo
925 784 1091 869 elegantes
1107 782 1150 848 M.
1167 783 1256 850 Pon·
1384 806 1387 812 ’

107 906 206 954 101111
228 887 380 956 Bassvm
404 890 578 956 versiculos
601 890 792 955 tribuamus.
838 890 887 954 Ac
910 889 948 954 de
972 889 1104 954 homine
1127 891 1256 974 quidem

106 994 179 1078 ipso
203 1018 269 1061 non
293 997 366 1081 plus
390 1000 591 1080 compertum
615 995 772 1060 habemus
797 1018 893 1080 quam
913 995 1155 1061 Mommsenius.
1187 995 1257 1062 Nec
1387 1030 1391 1037 ,

107 1102 225 1167 mirum
258 1103 433 1168 memoriae
464 1103 549 1168 nihil
579 1101 744 1187 proditum
775 1124 844 1209 ew
875 1103 914 1167 de
944 1101 1129 1168 fabularum
1157 1107 1255 1186 poeta

106 1230 172 1274 non
192 1231 327 1276 scaenae
347 1211 550 1295 scriptarum,
574 1209 629 1273 sed
653 1209 800 1293 privatae
824 1208 1036 1274 oblectationi
1060 1213 1093 1274 et
1115 1210 1255 1277 fortasse

106 1316 263 1382 familiari
290 1316 484 1382 recitationi.
529 1314 615 1380 Nam
644 1312 706 1380 etsi
736 1316 933 1401 agendarum
965 1315 1150 1381 fabularum
1181 1339 1253 1383 cum

106 1423 304 1508 tragicorum
332 1427 402 1488 tum
426 1423 621 1490 comicorum
649 1445 743 1487 usum
772 1423 1081 1507 spectandarumque
1109 1424 1253 1489 studium

105 1553 145 1595 ne
169 1535 286 1615 quarto
310 1531 439 1616 quidem
468 1536 501 1596 et
524 1532 636 1616 quinto
661 1554 690 1614 p.
711 1529 786 1596 Chr.
810 1531 939 1596 saeculo
969 1531 1036 1595 ullo
1061 1531 1155 1596 modo
1180 1554 1252 1598 exo·

105 1637 222 1703 lesisse
248 1639 347 1723 plane
376 1638 536 1723 pleneque
564 1641 706 1722 constat,
737 1637 931 1722 praesertim
958 1641 1133 1721 postquam
1156 1638 1252 1724 longe

105 1743 327 1821 eruditissima
359 1744 580 1828 disputatione
617 1744 679 1809 hoc
718 1765 819 1829 genus
851 1744 1038 1809 universum
1071 1744 1253 1810 clarissima

104 1850 138 1913 in
171 1851 242 1915 luce
275 1851 505 1918 Wnncnnnvs
539 1856 653 1916 noster
688 1852 797 1938 posuit
833 1851 872 1915 de
909 1850 1087 1936 tragoediis
1124 1852 1251 1936 graecis

103 1958 165 2023 vol.
184 1958 236 2022 III
257 1982 288 2043 p.
311 1959 396 2023 1412
411 1981 488 2044 sqq,
511 1962 620 2024 tamen
640 1957 810 2041 Pomponii
834 1956 962 2040 quidem
981 1957 1165 2022 comoedias
1184 1980 1251 2023 uon

83 2085 174 2136 ,esse
199 2065 239 2129 ad
262 2065 420 2149 populum
449 2064 541 2130 datas
570 2087 642 2129 oum
666 2086 704 2130 eo
729 2063 809 2128 satis
838 2064 907 2148 ipse
931 2062 1139 2149 significavit,
1167 2065 1251 2148 quod

103 2174 233 2235 tantum
255 2170 371 2237 cloarlis
392 2172 559 2236 mandatas
581 2171 677 2236 dixit:
706 2191 766 2235 nec
793 2169 880 2234 enim
909 2170 994 2234 credi
1017 2174 1126 2254 potest
1148 2172 1305 2237 multovrr

62 2282 65 2287 ’
102 2277 316 2344 illustriorem
339 2278 468 2344 laudem
491 2278 623 2343 silentio
651 2278 938 2362 praetermissurus
967 2277 1082 2343 fuisse:
1115 2282 1185 2344 tum
1212 2302 1251 2344 er

101 2385 270 2450 scaenicae
287 2385 397 2469 poesis
415 2385 597 2450 rationibus
616 2384 786 2475 universis,
813 2384 924 2468 quales
944 2384 1075 2450 fuerunt
1093 2385 1250 2470 posterio-

99 2492 192 2558 ribus
217 2492 364 2576 saeculis,
392 2491 547 2576 colligere
574 2491 659 2556 licet.
704 2489 854 2575 Namque
884 2492 956 2575 ipsa
982 2491 1039 2556 illa
1065 2492 1251 2558 fabularum

101 2597 284 2683 frequentia
311 2620 378 2664 non
405 2601 455 2663 est
483 2598 523 2662 ad
552 2597 757 2682 antiquitatis
786 2598 969 2682 exemplum
997 2598 1036 2662 de
1064 2598 1186 2664 fabulis
1217 2604 1251 2665 et

98 2706 195 2771 novis
220 2708 252 2770 et
275 2704 356 2770 actia
380 2703 634 2788 interpretanda,
663 2704 719 2768 sed
742 2704 791 2769 ita
812 2705 935 2789 potius,
964 2704 1028 2769 nisi
1056 2706 1166 2770 omnia
1188 2706 1247 2771 fal-

100 2813 186 2895 lunt,
210 2811 311 2876 menti
335 2810 551 2894 informanda,
579 2814 616 2875 ut
638 2811 779 2884 discreta
802 2811 923 2875 fuerint
946 2812 1008 2877 duo
1032 2832 1164 2897 genera:
1191 2834 1247 2878 no·

100 2941 224 3000 1611116,
247 2939 329 3002 quae
351 2938 416 2982 non
440 2920 621 3002 agerentur,
644 2917 700 2982 sed
719 2918 932 2984 recitarentur
950 2923 1088 3002 tantum,
1111 2922 1144 2984 et
1162 2922 1247 2983 acta·

99 3048 174 3090 rum
195 3026 231 3089 in
254 3044 384 3106 scaena,
406 3044 489 3108 quae
512 3045 578 3088 non
600 3044 704 3088 novae
728 3026 850 3106 essent,
874 3023 929 3087 sed
952 3030 1078 3090 veteres
1102 3030 1246 3091 veterum

99 3135 282 3217 poetarum.
325 3130 372 3196 Et
394 3130 434 3195 de
457 3129 699 3214 tragoediarum
723 3128 851 3213 quidem
876 3130 1087 3214 scriptoribus
1115 3130 1177 3196 hoc
1199 3132 1247 3198 ita

99 3238 291 3304 Welclrerus
313 3259 345 3321 p.
371 3237 464 3301 1442.
491 3235 576 3300 1459
592 3256 660 3319 sqq.
684 3235 855 3319 persuasit,
878 3240 914 3301 ut
938 3240 1030 3301 actae
1055 3258 1124 3301 esse
1141 3260 1246 3303 novae

99 3344 285 3430 tragoediae
316 3346 393 3427 post
423 3341 563 3408 Neronis
600 3342 773 3425 imperium
810 3342 917 3407 nullae
954 3343 1136 3429 videantur,
1171 3350 1248 3429 post

98 3450 262 3517 Iuvenalis
287 3454 395 3514 autem
419 3451 560 3513 aetatem
582 3470 623 3512 ne
645 3447 799 3513 recitatae
823 3448 952 3532 quidem
974 3470 1087 3533 novae,
1110 3450 1165 3514 sed
1189 3473 1247 3535 per

97 3557 225 3643 aliquot
256 3556 458 3621 saeculorum
484 3555 656 3619 decursum
683 3554 757 3619 inda
785 3553 826 3618 ab
854 3553 1012 3619 Hadriani
1045 3557 1245 3647 temporibus

97 3664 188 3731 solae
221 3666 345 3728 veteres
377 3662 428 3727 vel
460 3665 551 3726 actae
583 3662 634 3726 vel
666 3661 829 3727 recitatae.
879 3661 1001 3738 Quodsi
1039 3665 1123 3727 recte
1160 3662 1244 3727 idem

97 3795 129 3856 p.
155 3771 241 3836 1476
270 3769 425 3835 iudicavit
459 3767 580 3833 diutius
613 3769 711 3834 etiam
744 3791 841 3853 quam
872 3768 1111 3834 comoediarum
1143 3770 1245 3853 pervi-

97 3877 210 3964 guisse
232 3874 475 3959 tragoediarum
498 3873 655 3939 studium:
686 3874 879 3957 praesertim
907 3896 980 3938 cum
1007 3876 1244 3940 comoediarum

94 3984 128 4049 h.
151 4007 179 4048 e.
205 3981 416 4067 palliatarum
448 3981 482 4045 in
514 3982 619 4045 locum
652 3980 686 4044 in
713 3969 781 4044 dies
811 3986 906 4044 aucto
934 3979 1059 4044 fervore
1086 3981 1242 4064 probatus
1368 3973 1375 3988 '

94 4092 216 4158 mimus
239 4087 435 4155 succederet:
461 4088 557 4153 facile
581 4089 650 4152 fieri
679 4087 862 4152 coniectura
889 4090 1011 4170 potest,
1039 4087 1167 4171 quando
1191 4088 1243 4153 de-

94 4200 179 4264 sisse
201 4195 441 4262 ccmoediarum
464 4195 597 4279 scriptio
621 4194 775 4259 videatur.
810 4192 1007 4277 Tragoedias
1031 4193 1086 4278 qui
1108 4217 1243 4261 scaenae

94 4302 277 4389 scripserit,
304 4324 399 4366 nemo
426 4307 503 4387 post
526 4300 738 4386 Pomponium
763 4299 943 4366 Secundum
972 4307 1243 4367 commemoratur

93 4410 225 4493 Nerone
248 4407 429 4493 imperante
452 4407 521 4475 vita
544 4407 744 4473 defunctum:
768 4407 824 4491 qui
838 4405 1030 4490 recitationi,
1053 4428 1149 4472 nemo
1165 4413 1242 4492 post
