2948 5048
521 153 678 227 ,rlrvuvs
703 154 921 201 llvllllllllvs.
1231 139 1292 209 101

139 296 275 367 teriaua
297 319 327 380 p.
351 298 425 379 315,
449 299 483 378 6]
507 302 536 361 et
557 298 591 360 lli
612 299 788 378 cersusqlli
807 299 932 361 suntin
949 299 1082 363 ciusdem
1099 299 1186 362 nrbis
1201 297 1294 379 foro?

112 485 115 491 Ι
147 402 256 486 Atque
279 403 350 468 toro
375 403 473 467 etiam
497 402 662 467 Marianus
685 402 850 468 Victorius
875 405 990 468 tribuit
1014 406 1060 469 sie
1083 404 1224 468 referens
1245 427 1294 469 ee-

148 513 260 573 eurato
288 509 491 573 testimonio:
522 508 669 573 ‘cernitur
695 511 738 574 ud
764 510 819 574 lloc
848 532 941 592 usquc
963 513 1034 574 uelli
1056 511 1153 575 Reate
1168 513 1295 593 pontiti·

146 616 192 678 cio
222 616 258 678 in
283 616 366 698 foro,
392 617 475 696 quod
499 637 520 679 a
549 616 671 680 rlclnllro
695 616 737 681 D.
760 618 887 681 Murice
913 624 1124 700 nuncupatur,
1150 618 1295 682 unlbolns
1313 637 1344 675 xl

148 722 438 786 semicirculorum
456 724 597 804 primum
619 725 812 806 superiorum
831 727 954 789 incuria
971 727 1068 791 dillisi
1086 729 1182 789 essent
1198 729 1296 788 actutu
1336 755 1339 759 ·

148 835 254 894 nostra
286 831 395 892 iterum
423 830 457 893 in
484 851 582 894 unuln
605 831 783 912 compositis.
830 832 972 913 lepulltnr
997 832 1055 896 truc
1079 851 1194 913 queque
1224 835 1294 894 tenl-

146 939 259 1014 peston
280 939 387 1000 nostra
409 937 444 999 in
466 957 499 1000 co
520 957 583 1000 sec
609 938 784 1000 curnlinu
807 920 932 1018 prisco
954 959 995 1001 uc
1018 937 1177 1002 ellsolcto
1200 937 1294 1000 scri-

151 1040 253 1106 leniti
275 1039 392 1106 more?
437 1040 561 1106 Rursus
584 1042 656 1124 pari
680 1045 776 1126 etque
800 1066 838 1106 ex
861 1047 953 1126 parte
983 1043 1062 1108 adeo
1083 1043 1204 1107 maiore
1224 1041 1295 1106 dili·

154 1148 259 1230 gentia
283 1147 318 1211 iu
340 1147 508 1232 Pighianis
532 1148 660 1213 schedis
684 1150 731 1213 sic
754 1153 918 1214 narratur:
943 1149 1046 1232 ‘prope
1065 1149 1295 1230 Quintilianum

156 1255 286 1320 uinclum
318 1275 382 1318 non
410 1255 519 1336 procul
549 1277 571 1318 u
602 1255 698 1319 Recte
729 1257 837 1321 nielliis
870 1259 987 1339 cunlpis
1019 1277 1128 1320 nlurus
1159 1260 1296 1320 uetustus

148 1362 340 1444 conspicitur,
366 1362 537 1442 fornicibus
562 1367 591 1426 ct
617 1364 731 1444 cryptis
757 1368 981 1445 superstructis
1009 1366 1043 1427 in
1071 1385 1129 1445 pilo
1153 1365 1215 1427 loco
1237 1385 1296 1427 nus

142 1485 354 1532 ’inmercum
376 1469 490 1532 dl'citur
512 1469 673 1532 inuentum
696 1471 777 1550 qued
798 1474 897 1534 exstat
918 1475 990 1533 unte
1010 1470 1093 1550 fores
1111 1469 1296 1534 ccltlrcdrulis

126 1576 300 1651 acnsuc
324 1575 493 1658 insculptae
514 1581 588 1641 sunt
608 1578 728 1659 fipllrac
749 1579 835 1640 uurli
864 1577 987 1641 llullitns
1009 1576 1134 1640 cllorccs
1156 1577 1296 1640 dincntm

114 1683 321 1765 wlamquc
344 1685 501 1764 planctum
524 1685 758 1748 conscendentes.
794 1684 921 1765 quidam
944 1685 1009 1748 illic
1031 1684 1171 1748 mulieris
1188 1682 1296 1746 liubiln

103 1788 270 1853 clauum
302 1810 400 1853 manu
431 1794 534 1854 lencm
565 1791 618 1854 secl
648 1791 720 1873 uin,
746 1811 826 1872 pruc
857 1790 958 1853 nilnia
989 1795 1137 1855 netllstute
1163 1792 1296 1872 attritus,

93 1896 339 1978 offucentur,
376 1894 525 1961 Hernlles
554 1901 687 1978 putetur
722 1898 773 1961 cui
808 1898 934 1960 decuma
971 1896 1118 1962 boncnnn
1157 1898 1296 1978 oninium

85 2001 336 2066 uoucbutnr?
387 2001 417 2066 A
450 2025 514 2087 qua
546 2002 705 2068 memoria
736 2003 769 2067 in
802 2005 919 2087 quibus
951 1993 1127 2088 persimilis
1165 2003 1294 2068 Gruteri

78 2107 322 2194 descriptio
351 2109 471 2193 differt,
504 2132 542 2174 ea
569 2110 691 2193 pariter
719 2109 828 2173 deberi
856 2109 980 2174 Metelli
1010 2111 1135 2175 schedis
1164 2134 1294 2176 necesse

73 2219 177 2277 est
231 2221 328 2302 atque
363 2216 534 2281 verborum
567 2216 760 2299 scripturam
793 2215 834 2279 ab
863 2215 1005 2299 Apiuno,
1037 2215 1172 2299 Vrsino,
1202 2217 1295 2281 Bois-

71 2323 245 2389 sardo
267 2346 332 2388 non
358 2326 533 2406 acceptum.
580 2321 641 2386 Est
664 2325 769 2386 autem
793 2321 851 2385 ille
874 2321 969 2386 hoec:
994 2321 1100 2386 ‘Reate
1121 2323 1296 2402 anteferes

67 2431 261 2494 &mann
283 2430 401 2512 templi,
424 2431 459 2493 in
480 2429 579 2511 capite
600 2429 687 2511 pllcc
709 2448 906 2511 meruimus,
928 2449 1006 2508 qliae
1028 2430 1124 2512 plenu
1146 2435 1190 2493 est
1211 2430 1294 2493 niro-

70 2546 222 2598 rum
245 2536 331 2601 lierii
357 2535 480 2600 lechitus
508 2534 631 2599 cllorcus
657 2535 832 2598 ‹tllcentinm
863 2539 892 2598 ct
922 2537 1080 2601 usccnllcrc
1107 2537 1294 2603 conantium.

74 2640 274 2710 quidum
296 2645 422 2708 interim
444 2643 510 2707 illic
531 2641 673 2706 muliebri
695 2643 808 2706 uestitu
829 2663 927 2706 monn
949 2644 1071 2708 clauum
1096 2642 1231 2730 nuul.’*)

239 2751 350 2828 Qualis
380 2753 488 2816 eutem
517 2771 651 2833 cumque
678 2749 759 2814 haec
781 2749 999 2834 discrepantia
1022 2755 1080 2832 est,
1103 2754 1230 2816 tentum
1256 2775 1294 2816 ex

88 2859 335 2943 perscriptis
364 2858 468 2922 adhuc
495 2857 689 2921 testimoniis
714 2857 794 2920 satis
819 2878 973 2939 apparere
996 2861 1090 2941 puto,
1117 2857 1180 2922 fide
1203 2880 1293 2941 pror-

98 2968 189 3020 sus
241 2965 370 3029 destitui
412 2964 591 3048 praemissu
627 2963 711 3046 upud
749 2963 912 3046 Apianum
949 2964 1082 3028 nomine
1122 2961 1292 3027 SANCTO

108 3049 267 3136 1⁴³le
286 3070 388 3137 sulll
406 3071 548 3154 Pium,
570 3070 748 3154 paullulum
772 3069 923 3153 deinceps
947 3070 1121 3133 luuululu
1145 3069 1185 3131 ul
1210 3069 1292 3155 ullu,

119 3193 360 3225 χ*-

240 3284 344 3354 ‘)Non
370 3285 463 3338 autem
489 3282 525 3336 od
547 3281 601 3336 hoo
624 3283 846 3349 monumentum,
871 3280 920 3334 sed
944 3280 979 3334 ud
1003 3279 1153 3334 Reatinum
1178 3278 1293 3335 titulum

137 3351 262 3427 Gruteri
278 3392 304 3443 p.
324 3379 368 3440 96,
387 3376 403 3425 8
422 3371 500 3426 nullo
519 3370 669 3425 intervallo
692 3371 757 3425 unte
782 3362 1025 3424 commemoratum
1044 3369 1189 3425 Murutorii
1207 3369 1294 3423 verbu

145 3460 290 3517 Ψθῦῒιιιῐε
315 3461 421 3531 ‘Neque
444 3461 620 3514 omittendum
637 3460 758 3513 cnllillcri
780 3459 815 3513 ab
834 3459 922 3512 collem
943 3456 1053 3528 Pyrrho
1072 3458 1188 3527 Liporio
1207 3459 1293 3512 basini

150 3530 235 3602 husu„
254 3551 458 3618 inscriptionis,
481 3551 512 3602 in
537 3565 593 3617 qua
616 3549 719 3602 uisitur
741 3550 808 3602 ordo
830 3548 969 3600 hominum
991 3547 1216 3612 sacrificantium,
1235 3551 1293 3600 octo

161 3622 253 3693 Mussac
272 3643 454 3695 circumstant.
493 3636 624 3690 Hercules
646 3637 772 3690 muliebri
794 3619 891 3689 habitui
913 3636 1023 3689 cllernnl
1046 3636 1227 3688 lloucncrinm
1245 3635 1293 3687 iul·

163 3713 222 3787 liti,
238 3729 274 3782 itu
296 3734 326 3782 ut
350 3728 481 3782 Heroides
506 3726 662 3794 Musupetes
685 3725 833 3778 uideatur)
872 3725 965 3793 Atque
991 3724 1033 3777 ‘in
1056 3739 1103 3777 ms.
1125 3722 1232 3790 Luper?
1252 3723 1292 3775 in·

167 3817 264 3870 'tuerat
284 3817 402 3871 eundem
422 3815 544 3879 titulum,
563 3813 611 3882 qui
631 3812 762 3884 [SANCO
783 3813 867 3882 ΒΕΘ]
887 3812 998 3866 PATRI
1016 3809 1181 3864 BEATINO
1201 3809 1293 3864 fuctus

172 3895 215 3964 ‘tiu
239 3905 317 3960 etiem
343 3904 450 3958 Gudius
477 3906 550 3956 testo
575 3902 701 3956 Grutero.
738 3901 796 3955 Nec
824 3918 841 3954 a
870 3900 948 3953 ‘nusc
972 3899 1131 3954 marmorco’
1158 3899 1202 3953 vel
1223 3899 1293 3968 ‘pilu

175 3994 309 4049 Nouerca'
334 4010 391 4046 non
410 3991 504 4046 differt
529 3992 634 4045 ‘lusis'.
674 3989 847 4058 Quemquam
867 3989 1013 4044 latendum
1038 3991 1081 4043 est
1102 3988 1130 4042 in
1150 3988 1292 4042 Musarum

178 4086 223 4127 tum
242 4080 353 4137 Hercule
373 4082 519 4150 Musugeta
547 4080 661 4134 chorum
691 4079 749 4146 (sed
777 4079 836 4133 sine
864 4078 1080 4133 sacrificantium
1109 4076 1217 4147 ordine)
1237 4096 1291 4133 noll

179 4158 336 4226 &murentur
355 4169 521 4240 Pighiunem
540 4168 762 4238 descriptionem.
801 4167 888 4231 Quuale
907 4169 1116 4222 monumentum
1134 4185 1200 4221 num
1220 4167 1292 4223 forte

183 4249 242 4310 h⁰die
258 4262 350 4326 exstet,
370 4276 425 4313 non
444 4257 579 4312 inutiliter
597 4274 730 4326 quaerere
748 4256 927 4326 erehueologi
944 4259 1083 4327 poterunt.
