2948 5048
767 983 820 1062 ΙΙ.

383 1153 435 1234 De
463 1152 667 1255 Pomponii
694 1152 852 1236 Bussnli
880 1153 1200 1257 epigrammate)

553 1313 641 1400 (cum
663 1297 777 1381 tabula
800 1313 1034 1412 lithograpba).
1112 1310 1117 1317 ’

171 1639 209 1678 111
314 1617 501 1705 Singulares
530 1619 696 1685 cautiones
725 1623 853 1684 constat
880 1624 912 1685 et
939 1620 1097 1685 lubricam
1126 1641 1222 1703 saepe
1249 1623 1374 1684 tracta-

224 1726 346 1790 tionem
369 1725 489 1790 habere
512 1725 667 1790 litteratis
691 1724 851 1809 lapidibus
881 1724 1061 1790 adhibitam
1089 1730 1191 1790 artem
1215 1726 1374 1790 criticam.

225 1832 315 1909 Quae
345 1835 509 1898 cautiones
538 1853 610 1897 oum
639 1833 751 1896 multis
778 1831 926 1915 partibus
956 1833 1196 1917 contineantur,
1227 1837 1299 1898 tum
1330 1834 1373 1897 ad

224 1938 476 2022 supplendarum
503 1939 691 2002 lacunarum
724 1959 870 2021 operam,
898 1937 1004 2021 siqui
1032 1937 1157 2022 lapides
1185 1939 1238 2004 vel
1260 1939 1374 2003 mutili

224 2045 407 2109 exstiterint
430 2045 481 2109 vel
505 2043 615 2108 detriti
639 2044 690 2107 vel
714 2044 777 2109 alio
797 2043 893 2109 modo
912 2045 1070 2128 corrupti,
1093 2045 1257 2128 pertinent
1278 2068 1373 2130 prae

224 2154 274 2214 ter
297 2155 411 2215 cetera.
447 2150 485 2214 In
504 2172 568 2234 quo
588 2171 703 2234 genere
722 2150 923 2215 coniectandi
942 2150 1038 2214 fidem
1058 2157 1194 2236 apparet
1212 2175 1230 2218 a
1249 2153 1374 2236 spatio-

224 2279 294 2322 rum
309 2257 436 2322 ratione
451 2256 625 2341 diligenter
644 2257 816 2321 observata
833 2256 1090 2342 litterarumque,
1107 2280 1187 2342 quae
1202 2257 1254 2322 vel
1273 2258 1374 2323 inter·

225 2364 361 2428 ciderint
383 2363 433 2428 vel
458 2364 659 2448 evanuerint,
684 2368 772 2428 recte
796 2363 927 2428 definito
951 2385 1086 2429 numero
1111 2364 1270 2448 imprimis
1293 2387 1374 2448 pen-

225 2452 311 2536 dere:
340 2471 434 2555 idque
457 2474 550 2535 tanto
574 2470 640 2534 fere
664 2470 771 2554 magis
798 2492 896 2554 quam
923 2470 957 2533 in
985 2470 1247 2535 membranarum
1278 2469 1374 2534 ehar-

224 2582 371 2644 tarumve
407 2578 545 2662 lacunis,
587 2581 707 2663 quanto
745 2578 896 2661 propiore
933 2577 1104 2643 intervallo
1147 2579 1188 2642 ab
1225 2578 1371 2662 ipsorum

225 2687 419 2768 scriptorum
451 2708 549 2750 manu
581 2684 726 2769 lapidum
758 2705 855 2767 quam
888 2684 1031 2750 codicum
1066 2685 1224 2750 memoria
1256 2685 1374 2749 abesse

226 2793 309 2856 solet
332 2795 516 2876 quantoque
536 2791 658 2856 maiore
682 2811 754 2855 cum
778 2812 863 2875 cura,
885 2813 949 2857 non
971 2792 1076 2858 dicam
1097 2814 1231 2876 semper,
1250 2796 1285 2855 at
1304 2793 1373 2874 ple·

224 2921 359 2984 rumque
383 2899 510 2982 scalpro
533 2899 652 2962 incisas
676 2919 773 2981 quam
796 2897 921 2964 calamo
948 2904 1097 2964 exaratas
1121 2899 1247 2964 litteras
1271 2897 1375 2963 habe·

224 3027 306 3070 mus.
351 3004 464 3089 Itaque
497 3027 569 3070 eum
602 3005 636 3069 in
669 3005 842 3089 praecipua
870 3005 969 3070 officii
997 3002 1103 3091 parte,
1136 3007 1191 3091 qui
1218 3006 1253 3071 in
1281 3008 1374 3069 tran·

225 3111 401 3176 scribendis
426 3111 611 3197 epigraphis
634 3112 774 3195 peritam
798 3133 931 3194 operam
953 3116 1159 3196 consumunt,
1182 3113 1252 3176 iure
1276 3112 1373 3176 meri·

224 3221 322 3302 toque
351 3220 536 3283 accuratam
564 3217 810 3283 intervallorum
840 3218 1041 3283 notationem
1070 3219 1225 3303 habeant,
1256 3223 1370 3283 tamen
1423 3263 1424 3266 κ

224 3324 274 3387 vel
299 3325 345 3388 sic
368 3324 464 3389 facile
486 3347 545 3390 nec
568 3347 641 3390 raro
662 3322 779 3388 accidit
797 3325 915 3387 utnon
932 3323 1041 3388 nullus
1060 3323 1258 3390 dubitationi
1277 3324 1371 3390 locus

224 3431 434 3515 relinquatur.
468 3429 558 3497 Solet
581 3435 687 3496 autem
712 3429 775 3494 hoe
798 3451 983 3494 communes
1004 3453 1076 3496 curn
1096 3431 1142 3494 eis
1161 3430 1374 3495 dubitationi-

224 3538 285 3602 bus
309 3559 441 3603 caussas
464 3538 597 3617 habera,
631 3560 712 3622 quae
741 3537 782 3601 ad
809 3536 935 3601 litteras
963 3559 1029 3601 non
1052 3536 1184 3602 omnino
1208 3537 1375 3622 evanidas,

225 3643 280 3709 sed
304 3645 492 3710 obscuratas
516 3644 730 3728 tenuibusque
753 3642 900 3727 vestigiis
923 3643 1094 3727 pristinam
1114 3643 1255 3732 formam
1278 3666 1374 3709 suam

225 3752 405 3834 operientes
435 3753 541 3838 magis
565 3774 660 3836 quam
693 3750 872 3834 aperientes
901 3754 1057 3834 spectant.
1099 3750 1184 3815 Nam
1208 3755 1241 3815 et
1264 3752 1374 3837 negle-

226 3862 345 3941 guntur
369 3881 464 3944 saepe
487 3862 525 3923 ut
546 3857 737 3942 levidensis,
766 3880 847 3942 quae
874 3856 976 3921 futuri
1004 3857 1107 3921 critici
1137 3841 1218 3923 scire
1241 3858 1375 3923 intersit

225 3967 262 4027 ut
285 3966 370 4048 quod
393 3966 545 4051 maxime,
577 3969 609 4030 et
637 3964 746 4029 fallaci
776 3962 969 4029 confidentia
997 3986 1056 4047 pro
1085 3964 1182 4029 certis
1210 3964 1375 4030 habentur

225 4070 275 4133 vel
300 4076 460 4138 certorum
484 4073 653 4156 similibus,
678 4092 759 4155 quae
784 4074 898 4154 suapte
922 4073 1037 4134 natura
1060 4093 1192 4154 prorsus
1217 4070 1375 4156 ambigua

296 4318 323 4385 *)
343 4317 532 4387 [Prooemium
555 4318 657 4374 Indicis
681 4308 851 4372 scholarum
868 4315 1045 4370 hibernarum
1071 4318 1259 4373 Bonnensium
1285 4336 1372 4375 anno·
1423 4365 1427 4370 ,

225 4423 286 4460 rum
305 4405 566 4461 oroloccuxuvu
587 4411 616 4461 et
633 4409 720 4478 vlu]
