2948 5048
491 335 705 383 raououuus
729 334 864 382 nonnis.
1185 316 1248 380 321

89 478 325 563 usurpabatur
348 478 463 543 solum.
504 477 623 543 Verius
655 481 724 542 erat
748 476 891 542 eisdem
922 475 1092 559 templis:
1121 476 1250 540 suavius

75 585 212 651 Ennio
236 585 341 649 visum
365 584 494 648 isdem.
541 584 631 669 Ergo
654 584 717 649 hoc
739 584 867 648 Ennius
883 584 1043 665 probavit:
1074 582 1152 646 illud
1177 604 1251 646 con-

66 698 198 757 stans
221 693 298 774 post
315 689 457 754 Ennium
479 692 660 755 omasuetudo
682 692 865 773 iumetrooit.
903 690 976 755 Non
996 693 1134 775 negatur
1152 689 1251 752 etiam

58 799 225 863 isdem
253 797 400 862 dativum
421 798 461 861 ‘in
489 818 691 862 communem
719 797 983 860 consuetudinem
1013 797 1143 860 abiisse:
1175 817 1250 858 nam

53 909 141 970 aut:
187 904 233 968 sic
256 925 335 967 sano
363 908 420 968 aut
447 903 590 967 eisdem
619 903 723 967 dicere
752 903 821 986 ipse
845 900 956 968 Cicero
985 903 1152 968 cousuevit
1180 917 1297 966 cum1x

50 1010 296 1095 aequalibus
320 1010 485 1074 omnibus:
508 1032 619 1074 verum
641 1010 703 1074 hoo
727 1010 791 1073 iam
815 1010 856 1073 ab
876 1008 982 1074 Ennio
1005 1010 1138 1093 probari
1162 1030 1252 1091 coep-

47 1122 164 1181 tum
199 1115 327 1201 dicitur,
349 1117 449 1181 idem
472 1138 627 1201 campus
650 1138 717 1181 non
740 1117 865 1182 dicitur.
907 1115 975 1181 Nec
998 1117 1104 1182 minua
1129 1117 1252 1182 meher-

49 1224 164 1289 cule
204 1223 309 1288 simile
337 1224 406 1288 veri
434 1229 483 1288 est
511 1225 608 1288 etiam
643 1223 677 1286 in
705 1224 879 1288 Annalium
907 1225 1053 1288 versibus
1084 1224 1155 1288 123.
1182 1224 1252 1287 127.

53 1328 160 1393 145
192 1328 382 1393 nitidissimi
400 1331 593 1413 exemplaris
608 1328 805 1394 Vahleniani
828 1330 947 1393 isdem
970 1351 1029 1413 pro
1054 1330 1154 1393 idem
1178 1351 1252 1393 eun·

55 1432 170 1497 dem
202 1435 359 1518 Ennium,
382 1458 478 1520 quam
502 1438 536 1500 in
560 1438 676 1502 ceteris
700 1439 828 1520 praeter
851 1436 1124 1520 Amphitruonem
1148 1457 1252 1500 exem·

59 1536 156 1620 plis
186 1540 341 1606 Plautum
365 1543 519 1625 posuisse.
557 1542 712 1607 Potuerat
732 1564 809 1605 sane
824 1539 944 1624 Cicero,
968 1542 994 1605 si
1018 1543 1125 1622 vellet,
1149 1541 1253 1606 altero

63 1639 207 1711 Ennii
237 1648 427 1712 testimonio
459 1671 590 1732 prorsus
624 1649 743 1712 omisso
781 1648 921 1712 breviter
950 1649 996 1712 sic
1029 1647 1253 1713 commentari:

70 1746 221 1816 isdem
244 1751 391 1839 (tmcplis)
413 1775 496 1819 uacuo
518 1756 660 1836 dubiumr,
690 1775 878 1836 qrmutqmrm
904 1757 1009 1820 uerius
1037 1761 1080 1819 cst
1108 1756 1253 1819 eisdem:

76 1851 305 1935 iuzpeuatom
322 1865 366 1925 cst
383 1882 404 1924 o
421 1862 635 1926 consuetudine
652 1867 687 1925 ut
699 1882 823 1943 peccora
841 1863 1008 1925 araturam
1022 1881 1131 1926 caussa
1146 1863 1252 1924 liemet.

80 1952 224 2028 Maluit
252 1967 300 2030 ita
329 1968 378 2032 uti
404 1967 482 2032 fecit
506 1968 689 2049 instituere,
721 1990 787 2031 non
815 1971 941 2030 tantum
966 1967 1049 2050 quod
1078 1966 1150 2050 ipsa
1174 1967 1254 2030 invi-

86 2061 200 2134 tante
222 2075 465 2156 opportunitate
488 2074 586 2138 facilc
609 2073 759 2139 Enniano
783 2074 969 2138 Ennianum
998 2072 1180 2155 exemplum
1205 2095 1254 2137 so-

92 2164 209 2241 ciaret
231 2179 408 2263 taliumque
431 2179 693 2244 testimoniorum
721 2180 876 2243 beneficio
905 2178 1113 2262 supersedere
1143 2184 1254 2263 posset

96 2286 241 2347 cvaurum
268 2283 487 2367 appellatione
516 2307 535 2348 a
562 2285 720 2350 technicis
752 2287 896 2370 inventa,
929 2286 984 2350 sed
1017 2286 1122 2368 magis
1156 2286 1254 2349 etiam

98 2392 279 2466 Propterea
302 2390 387 2472 quod
410 2389 496 2454 haud
518 2391 628 2475 paullo
652 2391 811 2455 diversam
838 2392 903 2455 vim
926 2391 1111 2455 Ennianum
1135 2391 1254 2455 isdem

101 2482 206 2569 aique
229 2496 387 2561 usitatum
408 2494 571 2561 Ciceronis
594 2501 699 2561 aetate
722 2498 842 2560 isdem
865 2496 1009 2580 haberet,
1032 2492 1261 2581 comparatum*

39 2649 42 2653 -
101 2592 238 2666 quidem
262 2624 332 2667 cum
356 2604 508 2669 eisdem.
552 2603 696 2669 Valebat
719 2626 795 2669 sane
819 2607 990 2687 utrumque
1014 2626 1073 2687 pro
1097 2604 1255 2686 eisdem,

101 2707 187 2770 quae
210 2709 339 2793 plenior
360 2709 467 2775 forma
497 2715 530 2774 et
552 2710 718 2794 antiquior
745 2711 816 2774 fuit.
863 2709 924 2775 Sed
948 2733 967 2773 a
991 2708 1142 2774 Cicerone
1165 2711 1255 2774 iuxta

101 2812 178 2871 ⁰⁰³1
202 2815 324 2880 isdem
347 2816 588 2899 frequentatum
612 2816 756 2881 eisdem
773 2813 961 2902 (utrumque
976 2816 1061 2879 enim
1081 2836 1154 2879 cum
1173 2816 1254 2899 opti-

97 2904 167 2973 ¹¹¹58
191 2918 287 2986 libris
310 2925 520 2986 monumenta
548 2920 789 3008 commendant)
817 2922 951 2985 insuave
979 2944 1043 2985 non
1070 2920 1146 3003 fuit,
1179 2922 1255 3005 quia

95 3004 212 3121 t{ibus
240 3027 375 3111 syllabis
404 3029 610 3094 efferebatur:
648 3032 761 3094 contra
792 3028 916 3093 duabus
950 3027 1110 3097 efferenda
1142 3027 1254 3092 eadem

90 3124 251 3196 e¹8dem
278 3132 385 3197 forma
412 3135 445 3198 in
468 3134 566 3199 Ennii
595 3134 784 3199 hexametro
812 3135 943 3218 diisset,
975 3135 1069 3218 idque
1097 3134 1177 3197 illud
1207 3137 1256 3197 est

85 3229 188 3297 quod
219 3238 298 3302 huic
325 3238 529 3323 displicuisse
557 3241 722 3325 significat
755 3245 850 3325 atque
877 3241 962 3305 haud
994 3241 1089 3305 dubie
1123 3242 1155 3304 in
1189 3242 1255 3304 suis

80 3333 308 3410 cal‘minibus
341 3345 584 3429 improbaturus
616 3347 687 3429 ipse
721 3351 790 3410 erat
821 3351 858 3409 ut
873 3348 1027 3428 'opimio-a
1077 3345 1152 3410 Non
1182 3346 1255 3428 plus

75 3432 188 3508 enim
221 3451 325 3535 opimi
353 3452 388 3516 in
415 3452 588 3536 trisyllabo
618 3452 761 3517 eisdem
790 3456 840 3516 eat
867 3474 961 3536 quam
990 3452 1040 3516 vel
1070 3453 1103 3516 in
1136 3452 1255 3516 eidem

72 3522 216 3639 dativo
239 3558 293 3622 vel
316 3558 351 3622 in
374 3559 566 3623 accusativis
590 3559 747 3622 eundem
771 3558 937 3623 eosdem:
966 3558 1103 3642 synizesi
1128 3557 1256 3620 demum

69 3648 107 3696 ¹¹¹
157 3653 251 3729 <liras
280 3663 422 3747 syllabas
452 3668 634 3730 coartatum
664 3664 808 3728 eisdem
836 3669 922 3728 recte
951 3664 1069 3728 dicitur
1097 3664 1255 3748 quendam

68 3741 326 3849 πλαΤειαεμὸν
354 3791 432 3854 prae
455 3792 489 3835 se
516 3771 608 3835 ferre.
654 3769 739 3834 Nam
763 3770 825 3833 huc
848 3771 986 3852 opiticum
1013 3770 1101 3834 valet
1123 3791 1181 3833 nec
1205 3769 1257 3833 vel

63 3842 216 3954 plump
244 3877 297 3940 vel
320 3875 523 3959 aotwaffllip
551 3876 738 3940 vertendum
768 3881 816 3940 est
845 3898 916 3940 cum
948 3877 1192 3960 interpretibus:
1225 3879 1258 3940 et

70 3949 121 4016 ad
152 3981 332 4047 vocalium
356 3982 654 4066 pronuntiationem
674 3986 819 4066 spectare
837 3980 1074 4056 Quinctilianus
1094 3983 1187 4045 docet
1201 3980 1257 4065 IX,

73 4054 105 4135 4’
133 4066 211 4165 36,
245 4087 363 4153 ubido
391 4088 489 4171 tuapte
510 4110 569 4170 per
595 4109 627 4153 aa
653 4093 682 4152 et
703 4089 785 4152 veuu
811 4089 922 4169 opimis
950 4087 1076 4169 syllabis
1106 4088 1257 4173 loquitur.

79 4158 236 4256 001¹bra
253 4193 374 4258 isdem
393 4216 453 4278 pro
472 4195 572 4258 idem
593 4195 714 4259 dictum
733 4216 798 4257 non
814 4194 958 4276 opimum
974 4194 1080 4276 potius
1096 4200 1144 4258 est
1159 4217 1257 4279 quam

88 4284 263 4363 “berum
290 4304 324 4365 et
347 4300 567 4366 duriusculum
594 4323 751 4365 concursu
780 4301 1038 4364 consonantium:
1071 4305 1107 4364 ut
1133 4302 1167 4364 in
1195 4301 1258 4367 boc

100 4397 262 4471 &Pur-ime
293 4406 390 4472 cadat
417 4408 501 4492 quod
530 4407 611 4471 dixit
639 4405 752 4472 Cicero
785 4407 865 4470 rizolo
895 4427 1018 4491 souare,
1051 4407 1136 4490 quod
1164 4408 1191 4471 si
1219 4408 1258 4472 de

161 4506 213 4557 '¹-
232 4524 529 4568 murmurosorum
546 4531 585 4567 ιν.
1010 4516 1042 4563 21
