3048 5144
450 353 601 401 rmvnvs
624 354 843 402 nvnurnrvs.
1178 339 1219 403 81

97 502 126 560 et
146 501 229 562 extra
248 497 479 579 dubitationem
502 496 596 580 ponit
614 497 793 562 versiculus
813 497 867 561 ille
887 497 1048 576 εὐδαίμων
1072 497 1091 561 ὁ
1111 497 1219 576 Κόριν-

97 612 152 679 eor.
175 604 233 681 ἐγὼ
253 603 280 668 δ’
302 603 372 683 εἴην
390 602 550 682 leverim(
574 599 640 688 (vel
665 605 685 668 Γ
687 602 842 688 ενεάτηε),
871 627 890 667 a
914 601 1073 668 Strabone
1101 627 1130 688 p.
1154 605 1220 670 380

96 710 225 794 proditus
249 715 280 775 et
302 709 467 796 Stephano
492 708 651 794 Byzantio
680 712 829 775 ν.1”ενεά
858 713 891 774 εὴ
919 709 1060 775 Zenobio
1090 709 1153 793 lll,
1176 711 1218 775 96

95 839 156 882 cunr
179 815 305 882 Arsenio
332 840 362 901 p.
382 817 462 901 244,
490 815 589 881 suida
616 839 645 880 v.
668 816 829 894 εὐδαίμων
856 815 1098 900 Eustethioque
1125 817 1159 881 in
1182 817 1219 882 ll.

94 925 255 1006 p.301‚39.
286 922 348 990 Sed
368 946 386 989 e
406 922 530 988 Latinis
550 923 605 1007 qui
623 923 704 987 tnnc
717 923 871 1007 Abydum,
892 923 1117 1006 Epidamnum,
1139 923 1218 1005 Epi-

95 1031 223 1116 emman,
241 1033 429 1115 Sapuntum,
454 1031 627 1096 Tarentum
647 1031 778 1115 dixerit,
802 1031 932 1117 ignoro:
962 1034 1074 1096 contra
1097 1031 1138 1095 ad
1160 1031 1217 1096 ho-

94 1159 154 1200 rum
171 1137 421 1222 similitudinem,
444 1161 526 1223 quoe
546 1141 624 1202 sunt
641 1137 714 1202 hooc
727 1137 886 1220 Snprmtus
909 1141 942 1202 et
964 1137 1019 1201 lroc
1034 1135 1218 1222 Sapientem,

93 1243 154 1306 lom
177 1245 317 1310 Tarentus
346 1249 380 1310 et
404 1245 459 1310 hoc
484 1245 667 1322 Terent-mu,
696 1245 805 1329 qualia
832 1245 934 1309 habes
958 1244 1045 1328 apud
1062 1243 1216 1309 Vossium

93 1351 125 1413 de
141 1353 216 1417 anal.
232 1353 256 1433 l,
271 1353 320 1433 12,
343 1349 646 1416 Drakenborchium
666 1351 700 1415 in
720 1349 791 1416 Silii
810 1350 915 1435 XVII,
928 1352 992 1416 329
1017 1351 1217 1436 eundemque

94 1457 121 1520 in
137 1457 213 1522 livii
233 1459 252 1522 l.
269 1457 346 1523 XXI
366 1459 444 1543 epit.
467 1463 500 1522 et
518 1479 586 1542 cap.
605 1459 658 1541 21,
681 1458 836 1543 intellego
860 1457 1004 1542 potuisse
1023 1457 1122 1522 etiam
1144 1457 1217 1523 tom

91 1564 236 1631 Corinthus
257 1570 289 1630 et
310 1565 366 1631 mc
384 1565 567 1630 Corinilrum
590 1564 753 1629 declinari.

166 1671 212 1736 sd
240 1672 364 1738 litteras
394 1676 432 1736 ut
460 1675 638 1755 transeam,
672 1671 757 1755 quod
791 1671 1079 1756 orthographicum
1112 1695 1214 1758 genus

90 1780 261 1862 appellitant
282 1781 413 1845 nomine
435 1803 550 1864 porum
578 1778 729 1863 apposito
758 1780 903 1863 adrem,
932 1783 964 1844 et
992 1781 1213 1845 memorabilis

91 1889 117 1946 et
133 1885 213 1950 utilis
231 1892 358 1970 praeter
376 1887 460 1952 alios
478 1887 594 1951 titulus
613 1885 832 1951 Mummianus
851 1889 902 1951 est
920 1891 1100 1970 propterea,
1120 1889 1213 1972 quod,

90 1991 141 2055 nisi
162 1993 227 2077 ipsa
247 2015 319 2059 oum
343 1995 462 2079 lapidis
485 1999 556 2058 tum
579 1993 762 2058 litterarum
784 1994 907 2078 species
927 1994 1022 2058 fidem
1042 1994 1141 2058 faciat
1163 2018 1212 2058 ar·

91 2097 243 2184 chetypnm
265 2123 334 2166 esse
354 2123 413 2165 nec
431 2101 649 2165 instauratum
668 2104 809 2184 tanturn,
832 2101 885 2164 vix
904 2100 1076 2186 quicquam
1095 2103 1141 2196 sit
1157 2125 1213 2166 cur

92 2227 142 2270 non
162 2229 238 2272 anno
261 2207 389 2273 circiter
419 2207 667 2292 quadragesimo
697 2207 805 2291 potius
830 2229 925 2291 quam
950 2211 1066 2273 octavo
1092 2209 1211 2272 saeculi

92 2313 201 2394 septimi
223 2313 396 2400 tribuas.*)
433 2311 509 2379 Non
532 2315 647 2398 loquor
670 2314 709 2378 de
732 2313 893 2378 vocalium
916 2315 1087 2399 longarum
1112 2316 1211 2399 genii-

92 2420 208 2504 natione,
230 2444 310 2505 quaa
333 2443 374 2486 ne
397 2421 613 2506 fuit'quidcm
636 2421 846 2486 remotissimi
866 2421 950 2505 aevi,
974 2421 1027 2486 sed
1049 2442 1210 2505 gramma-

91 2525 205 2592 ticorum
226 2533 262 2592 nt
284 2531 364 2612 puto
388 2531 464 2592 tunc
487 2527 763 2606 efflorescentibus
788 2528 902 2592 studiis
922 2529 1061 2611 septimo
1082 2529 1210 2592 demum

92 2635 196 2698 saeculo
218 2635 348 2699 inventa
371 2637 436 2718 est,
462 2655 521 2698 nec
544 2633 634 2717 prius
663 2633 721 2697 illa
745 2655 842 2718 quam
866 2633 899 2698 in
923 2634 1045 2699 tabulis
1069 2633 1210 2700 Bantina

91 2743 115 2802 et
130 2740 257 2806 Genuati
280 2761 441 2825 apperens
465 2760 525 2802 nec
549 2739 615 2802 ullo
638 2742 783 2822 ternpore
807 2743 969 2805 constans.
1001 2738 1123 2805 Verum
1147 2740 1209 2806 duo

92 2865 187 2928 genera
208 2851 295 2927 sunt,
323 2847 356 2910 in
380 2845 498 2929 quibus
522 2867 595 2910 oum
618 2845 689 2928 ipso
713 2845 807 2909 initio
836 2847 967 2929 septimi
990 2847 1110 2913 saeculi
1132 2848 1209 2912 fluc-

91 2951 170 3016 tuant
194 2953 367 3039 scriptura,
399 2974 462 3017 non
491 2952 709 3036 antiquiorem
738 2951 846 3035 potius
876 2973 972 3036 quam
997 2953 1208 3020 recentiorem

92 3059 327 3125 consuetudinem
350 3059 433 3143 lapis
462 3057 637 3123 Vaticanus
666 3059 856 3142 participet:
887 3060 952 3124 tria
980 3061 1056 3140 alio,
1084 3061 1117 3124 in
1142 3063 1208 3146 qui-

92 3163 137 3226 bus
155 3166 206 3230 ille
227 3167 414 3232 recentioris
437 3187 515 3230 usus
539 3166 688 3250 exempla
709 3165 853 3230 omnium
874 3167 1101 3250 antiquissima
1118 3191 1208 3252 prae-

93 3269 155 3336 beat
195 3273 282 3348 Quae
310 3274 357 3337 ita
384 3271 496 3357 paucis
523 3273 754 3357 perstringam,
788 3276 824 3336 ut
853 3294 1003 3337 nummos
1037 3279 1146 3340 tamen
1174 3277 1207 3339 in

92 3396 217 3456 praesens
239 3379 507 3464 praetermittam.
550 3376 597 3442 Ac
621 3378 783 3462 primum
808 3377 937 3461 quidem
962 3379 1123 3462 simplices
1147 3404 1207 3464 pro

92 3485 236 3564 geminatis
261 3485 513 3552 consonantibus
542 3485 596 3548 ille
620 3484 719 3548 habet
741 3485 854 3568 nullae,
879 3485 934 3548 aed
958 3485 1110 3549 MVMMI
1136 3511 1162 3552 v.
1181 3491 1207 3571 l,

93 3587 204 3658 netto
227 3617 257 3658 r.
277 3595 305 3658 7.
351 3593 454 3668 Quam
478 3591 802 3676 geminationem**),
831 3593 1037 3674 repetendam
1067 3615 1152 3679 eam,
1180 3598 1206 3660 si

92 3701 284 3778 grammaticis
308 3700 475 3789 credimus,
499 3722 517 3762 a
538 3697 574 3774 Q.
587 3699 686 3763 Ennii
710 3699 904 3764 auctoritate
928 3680 1025 3784 atque
1050 3703 1206 3785 exemplo,

93 3823 145 3867 cun
164 3807 210 3870 vel
233 3805 291 3871 SC.
315 3807 354 3870 de
376 3805 596 3870 Bacanalibus
623 3828 754 3888 prorsus
784 3807 925 3890 ignoret,
957 3806 1043 3870 haud
1068 3807 1133 3872 scio
1164 3832 1204 3874 an

94 3945 276 3960 *Q-

157 4020 179 4088 *l
197 4019 352 4090 [Annorum
370 4023 422 4072 608
442 4019 471 4072 et
489 4021 541 4071 620
559 4015 660 4070 finibus
678 4017 792 4072 titulum
815 4015 1014 4072 Mummiannm
1036 4017 1205 4074 ltitschelius

92 4099 197 4184 inclusit„
215 4108 265 4162 sed
288 4107 324 4160 ad
348 4107 420 4161 hunc
443 4105 530 4160 etiam
552 4105 666 4175 propius
689 4121 773 4175 quam
796 4107 831 4160 ad
860 4106 939 4160 illum
966 4106 1093 4161 admovit
1115 4107 1204 4164 Musei

93 4187 155 4249 then.
170 4199 189 4252 t.
204 4197 242 4250 IX
261 4194 440 4250 adnotatione
460 4195 496 4249 ad
512 4193 542 4264 p.
557 4202 573 4248 3
593 4193 676 4262 (inira
694 4213 719 4248 n.
735 4194 806 4264 Vll).
825 4249 839 4276 a
849 4196 877 4250 C.
893 4195 950 4265 W.]

144 4281 176 4352 ”l
194 4285 312 4356 [Videas
328 4300 400 4352 qnae
419 4284 454 4338 de
473 4283 528 4338 hac
551 4283 762 4338 consonantium
782 4284 971 4352 geminatione
995 4284 1123 4352 exposuit
1142 4285 1201 4340 Rit-

20 4367 21 4380 ’
94 4366 181 4428 cherin
199 4375 323 4428 Menum.
343 4371 428 4444 epigr.
447 4374 481 4428 tr.
501 4373 585 4440 (inira
604 4391 628 4424 n.
645 4372 681 4440 V)
701 4390 726 4442 p.
745 4371 767 4424 V
783 4391 823 4441 sq.
844 4375 872 4427 ot
891 4371 1019 4440 exempla
1037 4373 1156 4429 collecta
1174 4373 1203 4428 in

95 4450 114 4508 Ρ.
127 4457 149 4510 1.
164 4462 198 4518 ll.
218 4461 249 4516 E.
271 4461 328 4516 tab.
348 4461 395 4514 LX
415 4462 515 4516 A—H.
554 4461 654 4531 C.W.]
