2948 5048
236 331 281 396 30
596 347 814 394 nernsernvu
837 344 1022 396 nnrmcvn

237 489 361 572 alioqui
388 488 514 554 consilii
544 488 627 553 addi.
672 488 760 553 Talis
789 489 920 554 Bassuli
947 486 1114 553 versiculis
1144 485 1276 551 subesse
1304 483 1389 549 haec

236 596 320 660 ratio
348 599 469 679 potest:
500 595 636 660 desinite
665 596 757 678 flere,
789 597 908 680 quippe
936 607 1016 678 quos
1044 593 1106 659 hoc
1138 595 1388 661 monumentum

236 703 351 767 doceat
374 700 561 768 consolandi
584 703 694 787 potius
717 724 815 786 quam
834 698 1047 767 contristandi
1066 699 1132 763 vim
1151 700 1271 765 mortis
1293 720 1389 763 meae

237 810 417 891 exemplum
445 808 576 873 habere.
621 807 697 873 Non
723 806 991 872 dissimulandum
1019 809 1069 871 est
1096 809 1218 889 tamen,
1250 806 1390 872 subesse

237 916 345 998 potius
385 937 482 999 quam
521 913 635 978 adesse
666 913 750 978 hanc
784 914 956 996 rationem,
994 916 1090 998 atque
1120 911 1192 995 ipsa
1221 911 1324 977 verba
1359 911 1390 975 si

238 1027 377 1107 spectes,
405 1022 515 1106 paullo
539 1021 718 1085 contortius
748 1020 796 1084 vel
826 1023 910 1083 certe
939 1019 1068 1103 longius
1096 1019 1280 1102 quaesitum
1303 1018 1390 1083 illud

237 1128 340 1193 videri
355 1126 617 1212 'copulandorum
640 1127 883 1192 enuntiatorum
904 1126 1089 1191 artificium:
1114 1147 1177 1209 quo
1195 1125 1293 1209 longe
1312 1145 1390 1211 gra-

238 1236 309 1300 vius
332 1235 395 1300 hoc
418 1233 543 1298 cecedit
565 1234 650 1317 quod
671 1234 737 1298 ista
755 1233 882 1317 quidem
902 1233 1065 1327 sententia
1082 1255 1147 1298 non
1166 1230 1292 1313 patitur
1311 1253 1391 1314 pre

238 1341 323 1406 fecto
346 1343 382 1405 in
404 1342 693 1425 praepositionem,
716 1340 771 1405 sed
794 1339 878 1404 hanc
901 1339 1041 1404 formam
1064 1337 1217 1424 loquendi
1240 1338 1392 1433 flagitat:

239 1451 303 1514 vos
318 1483 325 1497 ·
341 1466 388 1512 Au
404 1482 411 1497 ·
427 1464 632 1512 snrvucavn
647 1483 654 1496 ·
669 1463 740 1511 noc
765 1469 790 1510 e.
810 1469 839 1531 q.
859 1469 883 1511 s.
918 1444 1002 1510 Vide
1024 1445 1127 1530 igitur
1148 1467 1189 1509 ue
1212 1444 1392 1528 simplicia·

239 1555 357 1619 simum
381 1555 526 1619 omnium
548 1554 611 1619 hoc
634 1554 686 1636 sit,
709 1558 746 1618 ut
770 1553 885 1617 violari
909 1556 1155 1616 monumentum
1177 1553 1277 1633 poeta
1300 1555 1395 1616 vetet

238 1683 275 1726 eo
300 1661 434 1727 consilio
458 1660 594 1743 factum,
622 1666 658 1725 ut
680 1659 819 1743 posteris
848 1663 953 1723 certae
984 1658 1031 1722 rei
1054 1657 1247 1722 documento
1272 1661 1394 1723 exstet.

139 1780 142 1785 '
238 1766 313 1832 Non
336 1766 501 1850 dissimili,
525 1788 720 1851 quamquam
744 1766 872 1831 diversa
891 1765 1171 1850 argumentatione
1194 1764 1280 1828 idem
1303 1765 1393 1829 alius
1468 1782 1472 1787 ·

238 1880 337 1958 poeta
365 1874 451 1941 eavit
478 1873 718 1939 Anth01.1259
743 1871 855 1957 (Orell.
873 1870 990 1957 4839):
1018 1872 1183 1937 Socratem
1204 1873 1323 1937 curedis
1344 1891 1394 1937 se-

239 1985 306 2047 dem
333 2002 371 2047 ne
400 1982 483 2047 laede
510 1984 625 2046 stator:
658 1981 752 2045 Hasce
780 1981 835 2044 tibi
862 1981 998 2044 nascorti
1024 1978 1094 2059 fatu
1120 1980 1225 2044 dedere
1252 1979 1394 2044 domum

238 2084 328 2172 Ergo
351 2108 418 2151 non
441 2088 627 2170 putabimus
650 2086 717 2150 tale
740 2086 893 2169 quiddam
917 2087 1024 2169 potius
1055 2085 1197 2169 positum
1226 2084 1330 2150 fuisse
1356 2086 1394 2150 in

80 2172 89 2191 ⁶
170 2211 226 2251 x1v
240 2193 357 2276 lapide,
389 2193 482 2276 quale
506 2198 556 2256 est
580 2215 652 2257 ossa
667 2229 673 2240 ·
689 2196 758 2256 ,uer
773 2228 778 2239 ·
794 2215 855 2256 us·
872 2210 1032 2256 rasum·
1050 2193 1099 2256 vel
1124 2213 1308 2256 cosurrr'ra·
1324 2214 1393 2256 ss·

239 2317 390 2364 casulis
415 2299 466 2363 vel
485 2299 594 2382 paullo
624 2322 700 2364 sane
724 2299 831 2383 aptius
860 2316 1259 2382 ,r*s·..r'orrrr·rrr21)1rs,
1290 2321 1395 2383 quam

239 2406 301 2471 hoc
328 2406 587 2490 supplementum
617 2406 848 2489 amplectemur
876 2405 918 2471 ad
947 2404 1086 2488 sepulcri
1118 2407 1286 2472 notionem
1319 2407 1393 2472 uui-

240 2513 326 2577 versi
358 2516 521 2597 spectans:
558 2529 623 2578 vos
644 2530 706 2576 ·1n
727 2548 733 2559 ·
755 2529 933 2577 survucuo
953 2548 959 2559 ·
981 2530 1051 2577 Hoc
1071 2548 1077 2560 ·
1097 2529 1142 2576 us
1163 2548 1169 2560 ·
1190 2534 1268 2585 orm
1284 2547 1290 2560 ·
1308 2535 1393 2578 oreo·

243 2636 401 2683 rAsDITn.
445 2619 668 2702 Exaequatam
702 2616 804 2682 habes
832 2638 904 2681 eum
935 2618 1112 2701 spatiorum
1149 2641 1283 2684 numero
1314 2642 1393 2705 sup·

241 2725 397 2807 plementi
420 2746 616 2788 mensuram:
644 2727 813 2806 praeterea
836 2724 877 2787 ab
901 2723 996 2788 initio
1020 2724 1153 2790 lacunae
1177 2728 1341 2789 servatam
1369 2744 1393 2790 Ε

242 2830 398 2913 litteram,
433 2834 594 2895 servatam
623 2830 656 2894 in
685 2848 706 2907 Q
735 2829 954 2894 maximamc
986 2831 1037 2895 rel
1066 2847 1088 2895 G
1118 2831 1248 2895 litterae
1275 2830 1395 2897 simili·
1466 2859 1470 2863 ’

242 2935 400 3018 tudinem,
431 2957 490 2999 nec
520 2935 618 2999 nimis
645 2936 808 3020 disparem
835 2958 894 3018 pro
922 2953 958 3019 L,
991 2936 1076 3019 quod
1104 2958 1259 3035 apparere
1284 2936 1394 3002 visum

242 3040 471 3124 Mommsenio,
495 3060 517 3105 n
542 3042 693 3107 litteram.

330 3147 435 3213 Versu
452 3148 493 3213 15
515 3150 681 3233 praeclare
709 3152 750 3215 ab
774 3152 886 3216 eodem
910 3152 1076 3216 inventum
1102 3166 1188 3215 ross
1203 3183 1210 3197 ·
1225 3172 1394 3217 rams-

244 3273 400 3339 srslrvs,
432 3255 528 3322 modo
561 3261 646 3322 recte
680 3262 903 3323 constructum
936 3262 1022 3322 recte
1057 3259 1283 3340 interpretere:
1312 3280 1394 3324 narn

243 3385 316 3427 cum
343 3361 507 3445 prioribus
539 3362 572 3426 in
601 3361 687 3427 hunc
717 3364 845 3427 modum
875 3364 1020 3429 iunctum
1044 3363 1136 3445 ‘quod
1158 3368 1231 3445 post
1260 3370 1395 3430 nortem

242 3490 342 3533 ineam
364 3469 538 3533 documento
560 3467 617 3532 sit'
646 3469 883 3553 languidissimi
911 3469 1124 3535 additamenti
1148 3470 1227 3535 vitio
1251 3471 1394 3539 laborat.

188 3606 202 3631 ι
244 3573 318 3639 Nou
336 3596 410 3639 rara
430 3574 463 3638 in
483 3574 644 3658 lapidibus
666 3594 682 3640 s
707 3577 837 3641 litterae
860 3581 937 3659 post
955 3595 977 3639 x
997 3576 1206 3642 redundantis
1226 3580 1395 3663 exempla:

244 3697 372 3764 vxsoa,
408 3698 613 3765 Avxsrurvn,
645 3697 835 3766 conlvnxs,
868 3700 995 3765 lesrr,
1027 3700 1252 3767 nxssnruvu,
1283 3703 1395 3753 Exso-

244 3805 390 3870 Rrsuru,
409 3804 622 3863 nsfflssrvn:
645 3811 780 3872 quorum
805 3794 963 3874 quantum
987 3790 1066 3854 satis
1091 3812 1108 3854 e
1132 3789 1289 3876 Scaligeri
1304 3791 1394 3858 Indi·

245 3896 336 3960 cibus
361 3893 547 3959 Gruteriani
567 3894 722 3959 Thesauri
747 3919 777 3979 p.
797 3914 879 3962 xclv
904 3902 1005 3981 petas.
1037 3895 1121 3961 Nam
1146 3919 1227 3982 quae
1251 3919 1317 3964 una
1339 3901 1396 3965 via

244 4024 316 4066 cum
338 4001 465 4066 ratione
489 4001 727 4066 conservandae
746 4020 763 4067 s
786 4003 914 4068 litterae
937 4007 1048 4087 patere
1067 4003 1205 4069 videtur:
1229 4002 1327 4088 ‘qnod
1346 4006 1395 4071 sit

208 4091 228 4112 ’
245 4109 435 4192 docimento,
458 4126 609 4174 Possim
632 4132 667 4173 rs
690 4133 777 4174 iuro
800 4127 895 4176 srrvs
918 4110 1089 4174 immodice
1108 4132 1147 4175 ne
1167 4109 1250 4195 quis’
1270 4133 1296 4178 e.
1311 4134 1341 4196 q.
1356 4134 1395 4196 s.,

245 4238 283 4279 ea
307 4216 356 4280 rel
380 4219 552 4299 propterea
573 4240 639 4281 non
663 4221 772 4300 potest
794 4238 860 4281 non
884 4217 1069 4300 displicere,
1099 4217 1184 4301 quod
1208 4217 1393 4283 subiectum

245 4324 493 4405 grammaticum
519 4324 646 4388 nullum
678 4324 892 4406 praecessisse
925 4323 1005 4388 satis
1033 4323 1151 4388 iudicio
1179 4322 1287 4406 ipsum
1317 4324 1394 4389 sub·

247 4449 383 4515 sequens
407 4446 486 4505 Qvls
514 4452 692 4513 pronomen
720 4436 783 4514 est,
811 4430 895 4514 quod
925 4435 1000 4513 post
1028 4430 1108 4494 illud
1135 4428 1240 4494 multo
1264 4429 1394 4496 concin-
