2948 5048
151 308 194 372 28
515 320 730 372 semmurum
754 323 937 373 unnmcvu

150 451 269 531 socru]
300 467 560 551 supplementum
581 467 756 550 convenit,
789 488 849 532 nec
880 465 1102 533 disconvenire
1134 486 1303 530 cressum

150 571 300 657 dixerim,
332 576 501 658 utrumque
526 574 625 639 etiam
650 596 687 639 eo
712 571 975 658 commendabile,
999 572 1084 657 quod
1106 576 1187 656 post
1214 589 1300 638 cvn-

150 697 216 744 c‘ra
250 678 304 743 ille
341 682 480 745 testatus
518 684 567 745 est
599 681 756 746 rotundae
788 681 917 746 litterae
950 679 1090 763 speciem
1127 700 1301 764 apparare,

149 790 224 869 post
255 785 436 869 proximam
470 790 579 852 sutem
610 788 753 853 litteram
787 787 881 852 binas
908 786 1011 851 lineas
1039 789 1154 851 rectas.
1206 784 1300 862 Quod

150 897 262 958 contra
294 893 356 958 etsi
389 894 514 959 duobus
547 895 661 978 spatiis
694 894 828 959 eandem
862 915 1045 958 mensuram
1081 907 1301 957 bertramni

148 998 229 1063 illud
255 998 393 1081 excedit,
429 1004 539 1065 tamen
569 1001 604 1065 in
636 1001 846 1066 annotatione
878 999 1049 1084 proposita
1076 1021 1095 1063 a
1122 996 1297 1063 Mommse-

148 1105 202 1170 nio
227 1107 451 1190 su'pplementa
475 1123 613 1172 cvncra
631 1108 642 1191 ΙΙ
661 1130 865 1172 Tranassem
889 1112 923 1173 et
946 1103 1136 1189 cvncravfl
1155 1126 1296 1170 rannes-

149 1236 224 1279 zum
256 1211 352 1301 (quae
387 1212 445 1276 ille
479 1213 593 1278 reiecit
633 1236 723 1299 sane,
766 1215 822 1280 sed
853 1219 987 1298 propter
1018 1211 1160 1278 formam
1193 1211 1297 1277 solam

149 1320 331 1385 litterarum
355 1319 481 1403 reiecit,
504 1342 564 1385 nos
587 1344 628 1386 ne
651 1321 871 1406 intellegimus
895 1318 1038 1405 quidem)
1061 1317 1103 1384 ad
1127 1317 1296 1383 denarium

148 1431 246 1510 atque
270 1425 349 1491 adeo
373 1426 585 1492 undenarium
612 1449 783 1492 numerum
810 1429 882 1511 ipsa
904 1424 1165 1512 stogrediuntur.
1202 1424 1296 1489 Vnde

149 1533 358 1616 consequitur
380 1553 400 1595 a
417 1534 596 1616 posteriora
616 1534 745 1618 quidem
768 1556 861 1599 versu
881 1533 1102 1617 exemplorum
1122 1554 1224 1616 supra
1241 1553 1296 1615 po·

148 1639 285 1704 sitorum
308 1638 434 1703 nullum
457 1641 639 1705 necessario
664 1642 827 1705 exclusum
850 1662 929 1706 esse.
962 1639 1168 1724 Superiorem
1188 1641 1297 1703 autem

39 1767 45 1779 ·
149 1767 349 1830 quocumque
372 1745 468 1811 modo
488 1747 698 1831 suppleveris,
721 1770 779 1831 pro
798 1769 915 1813 novem
932 1746 1034 1811 habes
1053 1749 1110 1811 aut
1128 1748 1296 1830 quattuor-

149 1853 253 1928 decim
287 1851 593 1939 (Anrvsorsnrssso,
634 1853 930 1939 mrsomanrorr)
972 1856 1028 1918 aut
1065 1853 1184 1917 saltem
1221 1852 1297 1917 duo-

149 1960 251 2026 decim
295 1960 421 2026 litteras
461 1959 728 2045 (Aarvsrrrnsso,
773 1982 1028 2045 Arrvsnsnsnrr,
1064 1979 1298 2037 esrovamsso,

147 2064 396 2154 ascensorem)
427 2067 478 2133 vel
506 2066 645 2132 fortasse
681 2067 828 2133 undecim
857 2068 885 2131 si
913 2084 1014 2133 svnsr
1039 2066 1198 2151 scriptum
1224 2065 1297 2131 fuit

149 2173 195 2238 At
216 2196 256 2238 ne
283 2172 430 2237 undecim
454 2174 581 2258 quidem
601 2175 727 2238 litteras
742 2172 974 2238 Mommsenius
994 2173 1162 2256 concessit,
1185 2176 1297 2257 spreto

148 2286 245 2364 atquc
268 2280 454 2365 improbato
478 2281 512 2345 in
536 2281 744 2345 annotatione
767 2279 862 2345 huius
882 2301 1049 2345 mensurae
1068 2280 1297 2363 supplemento

148 2409 379 2460 aenervsovrn.
438 2385 501 2453 Sed
538 2388 674 2453 eundem
706 2392 817 2452 tamen
837 2387 988 2458 ,lacunae
1024 2387 1184 2453 ambitum
1222 2409 1297 2453 eum

148 2496 233 2561 idem
264 2496 321 2561 ille
353 2519 373 2560 a
404 2495 512 2579 priore
540 2517 633 2560 versu
665 2517 730 2560 non
761 2494 901 2559 alienum
938 2493 1144 2577 iudicaverit,
1182 2499 1298 2561 contra

148 2605 245 2688 atque
279 2602 312 2668 in
342 2600 530 2686 apographo
564 2601 818 2684 significaverat,
848 2597 1021 2664 verendum
1052 2620 1093 2664 ne
1124 2598 1178 2666 hio
1208 2599 1297 2668 iusto

148 2710 275 2803 parcior
303 2710 507 2791 computator
535 2708 703 2772 exstiterit.
749 2707 795 2773 Vt
822 2729 889 2772 non
911 2712 1032 2772 temere
1063 2707 1109 2772 sic
1132 2706 1297 2773 existime-

148 2839 234 2898 mus,
261 2837 320 2880 nec
343 2831 464 2880 svusr·
481 2834 581 2885 cvra·
596 2836 698 2877 nnnir
719 2836 756 2879 ao
779 2814 917 2879 fortasse
939 2835 979 2878 ne
1009 2811 1201 2897 exquisitius
1225 2815 1298 2899 qui-

148 2921 221 2986 dem
245 2939 314 2988 svm
329 2956 335 2971 ·
350 2942 470 2985 mrs-
486 2941 504 2993 o
519 2954 526 2969 ·
541 2942 643 2985 enarr
662 2919 783 2985 rationi
802 2941 839 2985 ac
858 2918 1084 3003 probabilitati
1103 2940 1299 3005 repugnare,

146 3030 337 3113 praesertim
370 3051 442 3094 cum
475 3028 514 3092 ab
544 3028 656 3092 eodem
688 3026 845 3110 lapidario
874 3023 901 3090 b
933 3047 991 3110 pro
1019 3042 1058 3089 οι
1084 3025 1223 3090 incisum
1252 3029 1299 3093 sit

147 3160 176 3200 v.
196 3137 225 3201 8.
256 3135 391 3200 Accedit
414 3135 499 3219 quod
519 3139 582 3199 et1
606 3136 638 3198 et
661 3152 682 3197 E
703 3138 736 3198 ct
755 3151 771 3199 s
791 3136 824 3198 et
847 3151 867 3197 Ρ
891 3129 1030 3218 (pariter
1049 3135 1144 3217 atque
1164 3151 1185 3197 r
1205 3138 1240 3199 et
1257 3133 1298 3223 L)

148 3266 186 3308 ex
209 3244 256 3307 eis
274 3243 393 3307 litteris
413 3245 496 3324 sunt,
519 3240 634 3326 quibus
654 3241 696 3305 ob
716 3242 838 3326 figurae
857 3241 1042 3326 angustiam
1062 3240 1165 3305 multo
1184 3242 1297 3307 minus

148 3349 244 3433 spatii
268 3372 364 3435 quam
388 3349 522 3435 reliquis
545 3348 687 3414 debetur.

235 3453 347 3541 Longe
371 3456 470 3520 etiam
498 3455 655 3521 maiorem
679 3454 858 3520 sententiae
876 3440 1073 3519 'varietatem
1092 3456 1189 3539 atque
1212 3454 1296 3522 adeo

147 3562 366 3627 diversitatem
386 3584 498 3627 versus
515 3563 556 3626 14
575 3562 691 3626 lacuna
709 3561 861 3627 admittit
888 3561 933 3627 Et
951 3578 1048 3626 {mun
1068 3560 1198 3647 quidem
1212 3561 1297 3628 illud

146 3671 181 3734 in
199 3671 261 3733 fine
284 3668 426 3752 positum
454 3669 531 3733 licet
558 3669 608 3733 vel
633 3687 734 3733 imru
763 3669 813 3734 vel
842 3687 946 3733 enirn
976 3670 1026 3734 vel
1053 3685 1164 3734 solur:
1193 3668 1297 3734 inter-

146 3776 277 3860 pretori.
322 3791 390 3839 Lac
415 3779 536 3859 autem,
560 3775 645 3860 quod
667 3775 762 3841 initio
785 3776 919 3840 lacunae
943 3775 1053 3840 decem
1077 3775 1185 3858 spatia
1207 3797 1295 3840 com·

146 3883 260 3967 plenae
284 3882 392 3966 legere
415 3881 479 3945 sibi
506 3881 593 3945 visus
618 3885 668 3946 est
691 3881 937 3964 Mommsenius,
965 3882 993 3945 si
1017 3883 1102 3945 recte
1125 3880 1216 3965 legit,
1239 3882 1296 3947 vix

146 3991 255 4072 potest
273 3988 337 4052 alio
357 3991 504 4072 spectare
519 4010 616 4072 quam
636 3988 677 4052 ad
698 3989 781 4054 lecto.
823 3988 893 4064 Quo
916 3988 971 4072 qui
995 3986 1083 4051 velut
1101 3987 1149 4051 sic
1167 3989 1295 4052 utatur:

147 4109 278 4159 Lucre·
295 4117 416 4160 conns.
432 4112 576 4159 corvmrn
610 4094 660 4158 vel
690 4116 813 4158 narrt·
830 4111 975 4158 usumin
1013 4093 1063 4157 vel
1096 4115 1204 4157 servs·
1218 4116 1294 4159 Prs-

148 4219 306 4285 Psnmrn,
339 4205 375 4266 ut
403 4203 468 4267 alia
496 4202 638 4285 mittam,
670 4201 751 4265 satis
780 4200 925 4285 profecto
952 4200 1058 4265 ieiune
1086 4204 1120 4264 et
1148 4201 1293 4286 cogitan-

147 4312 213 4373 tem
238 4311 271 4370 ct
292 4307 477 4391 loquentem
500 4312 630 4394 poetam
654 4308 762 4393 faeiat,
785 4308 836 4372 cui
857 4308 974 4373 saltem
995 4309 1111 4391 embolo
1136 4328 1196 4392 pro
1216 4308 1294 4372 lecto

148 4412 316 4479 dicendum
336 4419 420 4497 erat,
442 4414 475 4479 id
495 4416 578 4500 quod
599 4415 703 4502 magis
723 4415 820 4479 etiam
839 4414 872 4479 in
896 4431 1005 4480 Lucra
1019 4449 1026 4463 ·
1042 4437 1105 4479 ss.
1120 4401 1197 4486 οη·
1212 4432 1293 4479 aaa·
