3074 5138
257 363 263 374 ’
346 387 629 436 casnnvsrrouss
652 385 921 434 neronceuroun.
1140 369 1205 432 433

57 587 58 636 p
104 551 164 593 uun
181 529 287 595 solnm
315 537 559 597 monumentum
587 531 777 596 memoriam
805 529 958 612 servavit,
990 550 1072 612 pons
1095 525 1205 592 Fabri-

57 639 58 716 t
103 635 144 700 cius
165 635 216 699 ille
248 635 373 700 insulae
404 635 576 702 Tiberinae
612 639 646 702 in
683 636 772 702 cuius
806 635 944 702 arcubus
977 639 1091 720 quater
1123 634 1206 698 redit

103 740 355 808 blllBRIOIVS
371 779 377 792 ·
393 742 418 809 O
433 743 481 808 ·F
502 778 509 791 ·
529 742 617 809 CVR
637 743 767 809 -Vlna
797 741 865 828 ([(l.
891 743 917 808 I.
943 741 978 806 L.
1010 742 1041 806 Il
1059 764 1089 807 n.
1113 742 1204 824 6003]

57 870 59 960 p
103 846 122 910 P.
139 848 161 912 L.
184 847 227 913 M.
255 847 292 912 Ε.
325 851 392 914 tab.
414 849 599 915 LXXXVII
617 851 649 916 A
664 849 808 934 ΟΜ).
858 850 927 915 Nec
954 848 1100 934 profecto
1133 869 1204 912 cum

57 975 58 1024 l
102 954 234 1020 tibumcia
258 961 424 1040 potestate
456 957 620 1022 difficilius
645 980 801 1042 aquarum
824 979 921 1042 quam
945 955 1071 1020 viarum
1095 977 1205 1020 curam

57 1063 58 1110 l
104 1061 217 1146 sociabis,
258 1063 386 1146 quando
419 1086 485 1130 uon
516 1065 622 1129 minus
657 1065 751 1130 nobis
784 1087 869 1129 nova
904 1064 985 1129 haec
1018 1083 1116 1147 quam
1148 1062 1206 1126 illa

57 1199 58 1240 1
101 1167 176 1230 estin
206 1168 409 1234 tribunorum
442 1170 638 1234 muneribus.
688 1170 737 1235 De
765 1170 858 1255 aquis
887 1173 995 1234 autem
1023 1173 1059 1233 ut
1087 1169 1206 1252 cogite

57 1283 58 1344 ζ
100 1295 152 1356 nus,
182 1275 309 1358 gravius
342 1276 440 1340 ctiam
475 1277 564 1342 locus
596 1277 719 1361 reperti
751 1276 870 1360 lapidis
907 1276 1028 1341 suadet.
1079 1275 1205 1360 Quippe

57 1391 58 1466 1
100 1385 222 1462 repertum
245 1383 428 1467 accepimus
451 1385 486 1448 in
509 1389 619 1448 monte
644 1381 769 1466 Caelio,
788 1382 858 1460 ,hoc
882 1383 989 1446 estin
1012 1404 1050 1446 ea
1074 1381 1206 1466 regione

57 1471 59 1536 l
99 1485 156 1548 urbis
186 1509 278 1571 qnam
311 1493 441 1554 constat
472 1512 538 1555 una
570 1513 640 1556 oum
673 1491 827 1576 contiguo
855 1488 1019 1554 Aventino
1049 1509 1206 1572 aquarum

99 1589 250 1658 difficultate
268 1595 499 1678 utplurimum
518 1596 693 1663 laborasse.
721 1595 791 1662 Nec
809 1596 842 1660 id
862 1597 992 1678 mirum,
1015 1617 1087 1659 cum
1112 1595 1205 1660 uber-

57 1791 58 1796 ,
98 1697 143 1761 ini
166 1699 211 1763 illi
237 1700 395 1784 planeque
428 1702 610 1768 admirandi
643 1725 798 1788 aquarum
831 1702 945 1767 ductus
971 1700 1110 1766 Romani
1141 1701 1206 1784 ipsi

97 1798 173 1868 Caelio
190 1805 266 1871 nulli
285 1807 351 1872 fere
371 1813 446 1872 ante
462 1810 601 1895 Augusti
621 1813 771 1894 tempora
788 1809 861 1874 usui
878 1808 1009 1875 fuerint.
1038 1807 1125 1873 Nam
1139 1808 1205 1891 Ap-

98 1908 144 1988 piae
163 1911 284 1995 quidem
306 1915 412 1978 rivum
435 1938 500 1981 non
524 1917 589 1982 nisi
613 1916 686 1981 sub
710 1913 821 1981 (laelio
850 1919 958 1980 monte
987 1919 1020 1978 et
1042 1913 1205 1980 Aventino

57 2069 59 2160 ,
97 2011 193 2080 luctum
211 2017 382 2086 Frontinus
405 2021 549 2106 prodidit
572 2022 606 2086 in
629 2020 920 2105 praestantissimis
944 2020 982 2084 de
1003 2020 1094 2104 aquis
1118 2043 1147 2083 u.
1167 2017 1204 2084 R.

57 2207 58 2220 ξ
97 2117 159 2186 ibris
181 2146 243 2208 cap.
259 2127 301 2191 22
322 2149 352 2211 p.
369 2128 454 2212 13‚3
474 2128 625 2194 editionis
645 2127 888 2192 Buecheleriae:
913 2126 999 2192 Airio
1019 2131 1111 2192 vetus
1131 2147 1206 2192 eun·

57 2249 59 2320 p
96 2223 143 2289 dem
162 2234 296 2295 montem
323 2254 364 2297 ne
393 2234 506 2319 attigit
534 2234 676 2318 quidem:
709 2256 767 2318 per
789 2231 937 2298 (laelium
961 2237 1069 2298 autem
1092 2233 1205 2298 ductus

57 2343 59 2408 l
96 2333 157 2399 ricus
176 2335 310 2403 Marciae
335 2339 450 2425 ‘ipsius
473 2341 594 2405 montis
617 2339 729 2406 usibus
752 2340 836 2404 nihil
860 2344 897 2404 ut
919 2338 1055 2405 inferior
1077 2339 1206 2407 summi·

95 2439 233 2508 nistrabat'
256 2449 339 2511 teste
363 2447 475 2512 eodem
492 2446 648 2512 Frontino
675 2448 714 2511 19
739 2470 771 2531 p.
792 2446 917 2530 12,,13;
939 2445 1035 2511 huius
1059 2451 1096 2511 nt
1119 2446 1205 2511 simi-

95 2542 119 2607 lis
141 2552 226 2634 atque
253 2551 379 2636 Appiae
411 2554 496 2618 ratio
529 2553 636 2618 fuerit.
685 2554 836 2638 Augusto
870 2552 998 2617 demum
1026 2553 1206 2636 imperante

94 2649 158 2716 ivus
186 2658 310 2741 quidam
343 2682 445 2745 aquae
473 2660 576 2725 Iuliae
607 2659 684 2725 illuc
718 2659 833 2725 ductus
864 2649 938 2724 esti
960 2681 1024 2742 quo
1052 2655 1205 2723 Claudiae

95 2759 177 2840 copiae
197 2763 352 2850 largiores
375 2789 539 2833 accessere
556 2766 697 2832 Neronis
720 2767 879 2832 beneficio
903 2763 1028 2850 (Front.
1042 2765 1085 2830 76
1109 2787 1139 2848 p.
1154 2764 1206 2847 29,

95 2863 143 2948 Π).
167 2868 212 2934 Ex
233 2871 282 2937 his
306 2895 405 2938 unam
429 2871 599 2939 Claudiam
623 2873 830 2957 superstitem
852 2872 948 2938 novit
965 2870 1143 2938 Frontinus
1163 2873 1204 2938 87

94 2989 114 3049 p.
128 2972 170 3056 33,
187 2977 236 3042 16:
260 2977 334 3063 ‘qno
357 2980 458 3046 fiebat
481 2985 530 3064 ut,
554 2981 703 3064 quotiens
727 2979 860 3045 refectio
884 2980 993 3064 eliqua
1016 2979 1205 3044 intervenis-

93 3081 139 3158 set,
157 3082 345 3151 celeberrimi
369 3088 468 3153 colles
492 3085 635 3172 (Caelius
659 3091 693 3152 et
711 3085 910 3171 Aventinus)
933 3085 1082 3151 sitirent?
1117 3085 1207 3151 Haec

57 3251 58 3256 ,
93 3179 171 3263 igilur
189 3211 256 3255 cum
277 3192 324 3258 ita
348 3215 382 3258 se
406 3194 563 3278 habeant,
587 3194 666 3259 satis
686 3215 756 3259 esse
775 3215 908 3259 caussae
929 3193 1095 3257 inventum
1115 3195 1206 3275 puta·

57 3367 58 3392 ,
93 3307 145 3353 nus
162 3315 210 3360 cur
226 3297 290 3362 illis
311 3300 392 3383 ipsis
411 3299 491 3371 locis
515 3321 610 3382 opus
634 3299 833 3383 aquarium
856 3299 1016 3382 imprimis
1036 3297 1206 3364 convenire

57 3401 58 3440 ³
93 3391 220 3486 dicamus,
251 3405 318 3468 sive
347 3405 386 3470 de
413 3405 518 3471 rivulo
546 3404 741 3488 cogitaveris
771 3405 838 3469 sire
866 3404 905 3469 de
933 3403 1066 3471 castello
1094 3403 1206 3467 lacuve

93 3502 127 3564 rel
146 3529 210 3572 arcu
233 3510 299 3576 aive
322 3511 361 3576 de
385 3515 483 3595 puteo
505 3511 557 3576 vel
580 3510 742 3576 consimili
766 3533 872 3595 opere,
895 3531 996 3594 eoque
1016 3512 1073 3572 aut
1095 3529 1205 3572 recens

93 3604 156 3676 lactc
181 3621 233 3680 ant
258 3619 379 3684 refecto
409 3619 545 3682 tantum.
592 3615 761 3692 Quodnam
794 3638 875 3701 opus
902 3616 1015 3699 fuerit,
1049 3615 1205 3697 scriptum

93 3709 136 3777 luit
150 3720 205 3784 nisi
221 3722 364 3790 fallimur
386 3724 420 3788 in
443 3724 549 3808 capite
572 3724 689 3807 lapidis
713 3725 779 3789 iam
794 3722 927 3787 Marinii
951 3725 1057 3786 aetate
1076 3721 1205 3786 audeo:

57 3809 58 3902 l
92 3837 137 3886 uon
156 3828 267 3896 usitato
291 3853 370 3896 sane
392 3830 512 3914 ordine,
536 3830 591 3916 qui
609 3831 738 3895 initium
757 3831 828 3896 fieri
848 3853 867 3894 a
884 3829 1014 3896 nomine
1034 3827 1205 3912 magistra·

57 3919 58 4012 ]
92 3926 127 3990 lu
144 3931 279 4021 iubebat,
303 3937 358 4002 sed
381 3940 492 4002 tamen
512 3957 578 4001 non
601 3936 759 4002 destituto
783 3935 947 4020 exemplis.

57 4071 58 4082 ¹
155 4037 189 4106 In
213 4044 396 4108 muneribus
424 4043 596 4109 ordinariis
625 4064 735 4108 curam
763 4065 920 4128 aquarum
948 4063 1011 4106 non
1041 4045 1116 4106 ante
1140 4039 1206 4104 Au·

57 4143 58 4214 J
93 4143 156 4218 osu
176 4149 319 4233 tempora
340 4150 443 4216 fuisse
467 4150 546 4216 satis
571 4147 754 4215 eFrontini
778 4146 1020 4214 commentariis
1044 4146 1203 4231 intellegi-

92 4245 137 4311 lur:
157 4273 213 4336 quo
235 4259 316 4322 teste
330 4236 366 4322 ⁰c.
385 4257 428 4323 98
451 4279 481 4341 p.
501 4257 554 4340 37,
574 4256 615 4321 16
640 4253 774 4340 ‘primus
793 4254 836 4320 M.
854 4254 1001 4340 Agrippa
1023 4257 1100 4337 post
1123 4253 1205 4317 aedi-

91 4345 202 4444 litatem,
228 4385 324 4446 quam
357 4363 460 4448 gessit
487 4361 680 4445 consularis,
713 4384 847 4446 operum
875 4382 1007 4426 suorum
1039 4363 1073 4424 et
1098 4382 1206 4424 mune-

93 4474 144 4523 rum
163 4466 261 4532 velut
283 4473 456 4553 perpetuus
480 4473 613 4534 curator
625 4467 707 4552 fuit',
731 4472 765 4534 et
778 4489 813 4532 re
828 4471 862 4532 et
880 4467 1009 4532 nomine
1023 4471 1206 4533 curatorem

132 4583 164 4620 ru.
182 4588 325 4627 mrscrsmrr
344 4591 477 4628 crvsovm
501 4592 537 4628 ιν.
957 4575 991 4626 28
