3048 5144
303 391 366 454 104
679 407 829 454 rrrvnvs
854 407 1073 456 uvuurauvs.

298 546 530 614 HEROVLES
553 546 717 613 VlCTOR
740 571 838 632 supra
862 550 1028 632 scriptum.
1059 551 1182 616 Deinde
1206 551 1288 616 nihil
1312 575 1461 617 caussae

299 655 362 718 fuit
392 677 450 718 cur
481 677 547 719 non
579 658 794 720 mercatorum
824 659 963 738 patrono
991 655 1123 722 Herculi
1158 658 1367 743 simpliciter,
1401 658 1462 723 sed

299 760 426 826 Victori
456 761 664 844 potissimum
693 760 826 826 Herculi
856 766 967 847 grates
996 764 1257 847 persolverentur
1287 766 1328 831 ad
1364 787 1461 832 eom-

300 867 456 932 mercium
479 870 513 932 et
535 868 791 952 negotiationem
815 868 918 932 solam
936 871 1151 953 pertinentes:
1173 894 1250 936 narn
1268 872 1386 957 dispar
1407 877 1463 937 est

298 972 342 1038 M.
365 972 494 1039 Octavii
522 973 679 1039 Herennii
707 976 896 1041 mercatoris
924 977 1008 1059 apud
1036 976 1236 1042 Macrobium
1260 979 1362 1063 ratio,
1400 979 1461 1062 qui

298 1080 430 1146 Herculi
453 1080 580 1146 Victori
604 1081 714 1145 aedem
745 1084 778 1146 et
808 1084 937 1168 signum
960 1089 1132 1168 propterea
1155 1106 1299 1149 sacrasse
1323 1085 1462 1166 dicitru,

300 1188 385 1272 quod
403 1210 424 1252 a
436 1187 646 1270 praedandas
664 1187 885 1253 circumventas
900 1189 1067 1268 fontssimc
1084 1193 1268 1273 rcpupuaoit
1285 1197 1314 1256 ct
1330 1192 1463 1257 victor

298 1295 420 1360 recessit
447 1295 592 1359 Herculis
621 1315 721 1376 opera
766 1293 935 1360 Postremo
963 1316 1004 1360 ne
1031 1295 1120 1360 fuere
1148 1297 1279 1382 quidem
1305 1299 1340 1362 in
1373 1301 1462 1364 urbe

301 1400 404 1466 Reate
427 1400 569 1466 Victoris
602 1399 753 1465 Herculis
784 1421 892 1484 sacra,
925 1406 1081 1484 quantum
1110 1425 1149 1468 ax
1178 1404 1461 1488 inscriptionibus

300 1506 450 1573 Reatinis
481 1506 682 1591 intellegitur
708 1506 761 1570 rel
785 1506 967 1571 PATREM
990 1506 1461 1588 REATINVMtestantibus

303 1617 339 1678 ut
362 1611 558 1678 Gruteriana
580 1635 612 1696 p.
636 1613 692 1696 96,
715 1614 735 1678 8
760 1613 856 1697 (quae
880 1613 914 1678 in
937 1612 1077 1679 Manutii
1102 1615 1346 1702 Orthograpbia
1375 1619 1462 1683 anni

228 1721 391 1786 x1111566
420 1720 542 1785 frustra
570 1716 752 1805 quaeritur)
777 1720 848 1784 coll.
876 1741 948 1784 cum
971 1720 1140 1806 Angelott.
1162 1746 1193 1806 p.
1216 1725 1276 1807 43,
1304 1724 1462 1792 Fabrett.

301 1851 331 1911 p.
354 1828 408 1911 30,
431 1825 603 1892 Schenard.
626 1848 658 1909 p.
679 1828 711 1910 1,
734 1827 784 1890 vel
808 1824 1053 1892 HHROVLHM
1083 1829 1274 1913 simpliciter
1296 1835 1334 1896 ut
1359 1831 1461 1897 Grut

302 1957 332 2018 p.
357 1933 435 2018 315,
466 1935 486 1998 6
515 1933 588 1998 coll.
612 1954 684 1997 cnm
712 1931 835 1996 Manut.
860 1931 974 2008 Quaes.
1004 1955 1062 2016 per
1091 1955 1138 2017 ep.
1169 1957 1200 2018 p.
1227 1936 1306 2019 110,
1333 1937 1463 2022 Auget.

303 2063 333 2124 p.
357 2041 409 2124 44,
433 2039 608 2106 Schenard.
631 2063 661 2124 p.
686 2040 729 2104 82
753 2062 813 2124 sq.7
843 2041 894 2104 vel
917 2039 1009 2105 IOVI
1033 2040 1268 2108 MINERVAE
1292 2041 1463 2110 FORTV-

303 2146 395 2236 NAE
420 2147 580 2212 sociatum
604 2146 846 2212 Schenardiana
869 2172 899 2232 p.
926 2149 974 2213 12.
1017 2150 1106 2225 Quae
1129 2171 1202 2215 curn
1227 2153 1274 2216 ita
1297 2152 1375 2235 sint,
1401 2159 1464 2218 aut

303 2253 420 2317 fallunt
439 2255 548 2318 omnia
568 2260 623 2319 aut
642 2255 718 2318 belli
738 2254 850 2319 ducem
870 2258 902 2318 et
920 2255 1147 2338 imperatorem
1164 2257 1276 2323 addita
1288 2257 1461 2325 VICTOR,

303 2382 365 2424 vox
385 2360 531 2444 intellegi
551 2361 650 2444 iubet,
671 2361 776 2445 qualis
795 2360 905 2425 nullus
924 2383 1078 2445 umquam
1093 2360 1221 2427 Munius
1241 2364 1317 2429 fuit:
1341 2387 1462 2450 qnam·

305 2489 399 2551 quarn
434 2466 472 2530 de
508 2467 617 2532 nescio
650 2489 714 2550 qua
737 2465 891 2530 Parthica
923 2467 1061 2532 victoria
1093 2466 1184 2532 Lucii
1212 2467 1316 2534 Munii
1345 2472 1461 2558 Ange·

304 2576 407 2640 lottus
431 2575 582 2640 somniat.
619 2572 704 2638 Hinc
728 2573 828 2657 igitur
851 2578 902 2637 est
922 2573 1006 2657 quod
1025 2595 1042 2637 e
1061 2573 1232 2657 Pomponii
1256 2579 1292 2640 ut
1316 2585 1461 2662 apparet

305 2683 492 2747 coniectura
515 2682 612 2746 lucus
630 2679 766 2744 mincius
785 2679 912 2744 Marsus
932 2680 1082 2764 prodidit,
1100 2679 1258 2747 LVOIVS
1277 2679 1460 2750 MVMIVS

306 2787 341 2852 in
364 2787 488 2852 Metelli
515 2790 552 2851 ut
579 2785 705 2850 videtur
735 2785 862 2850 schedis
891 2784 1047 2852 Gruterus
1075 2788 1234 2870 repperit:
1263 2810 1329 2874 quo
1352 2813 1462 2875 prope

308 2894 432 2958 accedit
461 2893 604 2956 Mamas
638 2915 702 2957 una
733 2915 807 2957 curn
839 2893 974 2958 diunius
1006 2917 1025 2956 a
1059 2893 1204 2958 Victorio
1236 2895 1405 2979 prolatum
1443 2921 1461 2962 e

308 2998 425 3082 lapide.
458 2997 543 3062 Nam
568 3020 664 3081 quam
688 2998 824 3082 proclivi
844 3021 959 3082 errore,
983 3000 1010 3063 si
1030 3000 1158 3083 quando
1176 3002 1209 3065 in
1229 3003 1463 3086 antiquissima

306 3106 365 3170 illa
389 3104 548 3188 scriptura
571 3105 738 3170 dexterum
762 3105 865 3170 femur
885 3105 917 3172 M
938 3105 1065 3170 litterae
1089 3109 1266 3188 evanuerit,
1289 3107 1324 3172 M
1343 3132 1404 3193 pro
1427 3110 1460 3176 N

308 3212 474 3290 habeatur,
498 3211 530 3274 in
555 3213 726 3295 propatulo
751 3217 808 3277 est.
846 3212 1048 3296 Quamquam
1068 3215 1166 3278 etiam
1186 3215 1386 3280 contrarium
1406 3241 1461 3282 ac·

308 3317 395 3402 cidit,
420 3318 517 3401 velut,
540 3318 606 3382 nisi
629 3318 727 3383 fallor
751 3318 858 3401 animi,
882 3319 916 3382 in
939 3319 1145 3383 nobilissimo
1165 3320 1402 3404 epigrammata
1423 3324 1460 3390 L.

310 3423 454 3490 Cornelii
488 3423 648 3508 Scipionis
677 3423 733 3490 On.
760 3425 782 3490 f.
806 3424 863 3490 Cn.
893 3447 924 3490 n.
956 3425 1206 3510 haudquaquam
1240 3427 1317 3492 dum
1346 3452 1459 3513 persa-

308 3530 433 3615 nato.*)
480 3529 578 3596 Cuius
611 3536 772 3597 extremus
796 3535 971 3597 versiculus
1001 3554 1072 3596 cum
1095 3533 1173 3598 talis
1197 3555 1267 3598 esse
1291 3535 1459 3604 tradatur:

308 3636 369 3702 un
386 3672 391 3684 ·
407 3637 645 3713 ornianus
663 3675 668 3686 -
683 3637 864 3703 uonoun
883 3635 894 3725 l
913 3638 1019 3715 ovni
1035 3676 1040 3687 -
1056 3639 1211 3705 uurs-
1227 3638 1310 3705 srr·
1324 3640 1459 3712 aaron

309 3744 406 3810 adeso
430 3745 464 3808 in
489 3750 643 3830 quattuor
665 3746 845 3810 litterarum
869 3745 1058 3811 ultimarum
1082 3748 1155 3812 sede
1179 3769 1353 3833 marmore,
1377 3771 1460 3816 non·

309 3851 385 3916 dum
409 3851 475 3915 vidi
498 3851 554 3934 qui
578 3873 616 3915 ex
639 3852 695 3915 illo
715 3849 913 3918 MANDates
932 3849 993 3936 (sic
1012 3852 1097 3916 euim
1117 3853 1309 3936 supplerunt
1328 3857 1459 3942 omnes)

309 3959 376 4022 ullo
396 3957 491 4022 modo
511 3957 715 4041 probabilem
735 3958 785 4022 vel
804 3961 1002 4023 structuram
1022 3959 1069 4024 vel
1092 3960 1286 4025 sententiam
1305 3961 1460 4028 efficeret.

313 4085 438 4092 *-

400 4151 424 4220 ⁸)
444 4151 538 4222 [Nunc
556 4149 632 4204 edito
652 4149 680 4205 Ο.
701 4150 720 4204 Ι.
740 4151 770 4205 L.
790 4151 802 4204 I
821 4169 847 4204 n.
867 4157 913 4219 343
936 4150 988 4218 VI,
1007 4151 1060 4205 In.
1078 4157 1144 4206 1289
1160 4153 1189 4205 et
1203 4151 1232 4207 Ρ.
1249 4153 1279 4208 L.
1294 4154 1331 4207 M.
1352 4154 1383 4208 Ε.
1400 4157 1459 4211 tab.

311 4239 372 4293 XLI
382 4237 551 4293 K.Ceterum
572 4238 697 4293 conferas
718 4255 789 4308 quac
810 4240 845 4293 dc
863 4239 916 4294 hoc
940 4239 1142 4308 epigrammate
1158 4239 1314 4308 disputavit
1330 4243 1458 4298 Ritscbc·

311 4327 364 4382 lius
379 4326 407 4380 in
422 4327 511 4383 Musei
525 4328 615 4383 Rben.
632 4331 651 4382 t.
667 4328 730 4382 XIV
745 4327 828 4396 (inira
842 4346 868 4381 n.
884 4328 958 4394 XIV)
973 4345 1000 4398 p.
1015 4331 1067 4383 405
1081 4329 1146 4384 adn.
1161 4331 1189 4383 et
1202 4328 1232 4382 in
1241 4330 1386 4398 prooemio
1400 4331 1459 4388 ind.

313 4415 398 4469 schol.
414 4416 510 4472 sestis.
526 4415 790 4482 Boun.1860‚cuius
804 4417 1000 4486 argumentum
1015 4417 1166 4488 repetitum
1181 4422 1225 4472 est
1237 4417 1266 4472 in
1281 4419 1310 4473 Ρ.
1328 4419 1358 4474 L.
1373 4419 1410 4475 M.
1427 4421 1458 4476 Ε.

314 4503 409 4558 Enarr.
429 4521 455 4573 p.
476 4509 510 4558 34
529 4523 569 4572 sq.
607 4502 636 4557 C.
656 4503 712 4572 W.]
