3074 5138
293 371 359 435 430
448 389 486 435 m
510 388 622 436 nuans
646 389 837 438 vrsnunmu
859 389 1045 438 aunonmu
1069 389 1277 438 corruamus

293 549 414 592 annum
437 529 502 594 683
526 530 608 594 lata:
632 553 715 614 quae
738 532 766 595 si
789 531 829 595 ad
853 531 1057 616 disciplinam
1075 531 1241 616 publicam
1260 531 1362 596 urbis
1382 532 1457 594 uni-

292 656 420 700 versam
443 637 638 719 spectaverit
661 635 759 723 (‘eine
783 630 976 722 allgememe
1001 637 1283 723 hauptsttidtisohe
1308 637 1459 704 Polizei·

292 739 476 826 ordnung'),
503 765 569 808 non
593 763 689 828 aegre
713 743 860 830 intellegi
888 745 944 828 qui
967 748 1000 808 et
1023 744 1062 808 de
1085 745 1247 810 libertinis
1270 743 1458 830 ‘ingenuo-

292 870 363 912 rum
386 848 525 914 honores
549 854 582 914 et
606 850 781 936 dignitates
805 850 1089 935 attemptantibus'
1110 855 1142 916 et
1160 851 1199 916 de
1217 873 1295 916 eura
1316 852 1458 916 viarum

292 955 469 1038 praescribi
497 955 605 1020 cadem
641 956 714 1041 lege
742 958 895 1042 potuerit
944 957 982 1022 Id
1010 959 1166 1042 quantum
1194 957 1458 1042 probabilitatis

292 1061 342 1125 vel
364 1061 485 1127 habeat
508 1062 558 1126 vel
581 1084 646 1126 non
674 1062 808 1147 habeat,
835 1062 977 1128 uiderint
1003 1085 1102 1148 penes
1130 1085 1211 1146 quos
1239 1068 1289 1128 est
1321 1065 1363 1128 in
1396 1065 1459 1128 tali

292 1187 407 1232 caussa
429 1168 596 1252 iudicium,
619 1169 844 1236 iureconsulti:
867 1169 963 1234 nobis
986 1169 1128 1234 fatemur
1150 1170 1198 1234 ita
1216 1177 1460 1254 comparatum

207 1349 211 1352 ,
292 1273 394 1338 videri
416 1280 467 1359 ut,
489 1297 684 1358 quamquam
706 1277 775 1342 fieri
797 1299 862 1341 nou
885 1277 1030 1361 potuisse
1054 1277 1269 1342 demonstrari
1290 1285 1461 1362 nequeat,

291 1384 403 1464 tamen
426 1381 646 1466 simplicitatis
670 1383 982 1449 commendationem
1004 1382 1059 1446 rix
1082 1381 1212 1446 habeat.

379 1486 501 1554 Verum
528 1488 567 1552 de
595 1490 657 1555 hoe
685 1511 886 1574 quocumque
914 1488 1010 1554 modo
1039 1487 1290 1573 existimabitur,
1330 1490 1460 1556 saltem

290 1593 414 1658 aarum
446 1601 628 1662 curatorem
660 1596 694 1661 in
721 1596 829 1680 lapide
856 1593 1019 1661 Tolosano
1053 1579 1184 1660 omuino
1217 1595 1352 1662 nullum
1385 1621 1460 1664 um-

292 1721 387 1784 quam
411 1700 511 1766 fuisse
539 1703 619 1766 satis
647 1725 707 1768 nos
731 1702 1007 1768 demonstraturos
1039 1700 1238 1766 confidimus.
1285 1703 1462 1780 Quamvis

292 1807 377 1870 enim
402 1807 441 1872 dc
464 1829 503 1872 ea
521 1808 674 1892 lectione,
704 1831 785 1894 quaa
809 1813 860 1876 est
883 1807 970 1874 CVR
984 1805 1123 1892 ·VIAR,
1155 1808 1241 1872 inter
1263 1807 1461 1876 Marinium

292 1917 324 1977 et
341 1911 537 1998 Dumegium
561 1915 743 1999 conveniat,
765 1920 875 1980 tamen
898 1916 995 2000 longe
1020 1915 1107 1980 aliud
1128 1917 1246 1998 ectypa
1265 1914 1337 1980 duo
1360 1916 1462 1981 char-

290 2023 383 2084 tacea
405 2019 507 2104 ipsius
530 2020 648 2105 lapidis
672 2001 858 2105 dodueruut,
881 2043 963 2108 quae
983 2020 1200 2088 intercedente
1219 2021 1462 2088 eruditissima

291 2127 396 2192 amica
422 2125 571 2192 Parisino
602 2127 813 2194 Hortensia
845 2126 969 2195 Cornu
1000 2132 1135 2213 rogatus
1168 2150 1188 2192 a
1215 2125 1352 2194 Leone
1385 2130 1461 2194 Re·

290 2232 398 2298 uiero
421 2232 604 2298 academiae
624 2233 808 2314 Tolosanae
831 2235 995 2319 professor
1015 2233 1137 2318 Barry
1159 2233 1232 2317 pari
1250 2233 1460 2320 diligentiae

290 2340 409 2424 peritia
432 2362 452 2404 a
475 2361 509 2405 se
532 2345 648 2424 parata
670 2341 774 2424 misit,
798 2363 899 2425 eoque
923 2343 956 2406 et
978 2339 1156 2405 officiosius
1180 2343 1214 2404 et
1231 2361 1342 2426 prope
1365 2343 1461 2410 dixe·

291 2446 353 2510 rim
387 2446 591 2513 ambitiosius
623 2451 754 2531 parata,
786 2447 872 2530 quod
903 2446 989 2512 hunc
1024 2444 1165 2530 lapidem
1197 2445 1262 2510 nisi
1294 2447 1462 2516 fallimur

290 2575 389 2617 unum
417 2554 522 2618 solum
543 2553 639 2618 hodie
667 2552 894 2638 Franoogallia
922 2558 1031 2618 servat
1061 2551 1189 2618 saeculo
1213 2574 1243 2617 u.
1267 2575 1292 2619 a
1327 2562 1461 2624 octavo

290 2659 516 2744 antiquiorem.
553 2657 648 2723 Vnde
672 2658 756 2744 quod
780 2659 1024 2743 exprimendum
1047 2658 1231 2724 curavimus
1253 2661 1288 2724 in
1316 2663 1462 2730 adiecta

290 2764 365 2830 huic
387 2766 655 2832 commentariolo
684 2766 796 2830 tabula
820 2767 1000 2850 exemplum
1029 2764 1287 2850 lithographum,
1324 2770 1462 2852 planis·

291 2873 372 2938 sime
400 2871 542 2938 ostendit
569 2873 647 2938 duas
676 2872 714 2937 de
736 2872 844 2956 lapide
873 2872 1063 2956 particulas,
1095 2891 1177 2954 quae
1205 2871 1289 2936 cirea
1322 2895 1461 2940 annum

292 2979 377 3044 1829
410 2979 600 3063 superstites
633 2978 735 3064 fuere,
767 3000 852 3044 nunc
884 2979 1012 3043 avulsas
1040 2999 1122 3042 esse:
1156 2978 1292 3042 alteram
1332 3002 1461 3046 versus

291 3084 436 3168 secundi,
463 3085 601 3150 alteram
624 3107 773 3151 versuum
796 3083 896 3150 trium
919 3085 971 3150 vel
994 3085 1105 3168 potius
1129 3087 1283 3168 quattuor
1307 3085 1461 3154 ultimo·

290 3213 362 3256 rum
384 3190 538 3256 mediam:
568 3197 683 3257 contra
710 3192 744 3257 in
767 3191 825 3256 illa
848 3191 972 3275 aliquid
995 3194 1122 3256 exstare
1146 3212 1165 3254 a
1188 3187 1359 3276 Dumegio
1386 3215 1461 3260 non

290 3297 395 3363 minus
418 3299 602 3384 neglectum
625 3321 722 3383 quam
742 3320 761 3362 a
779 3297 928 3362 Marinio
961 3295 1049 3372 Quae
1073 3296 1158 3360 euim
1181 3295 1292 3362 littera
1320 3301 1461 3385 exeipit

289 3402 394 3470 CVR·
418 3404 558 3490 litteras,
590 3427 662 3470 eam
689 3409 777 3470 certo
807 3407 943 3490 apparet
969 3403 1060 3468 nullo
1090 3401 1185 3467 modo
1209 3400 1239 3466 V
1263 3423 1358 3489 esse,
1397 3408 1461 3473 sed

289 3515 346 3576 aut
373 3510 421 3594 M,
450 3515 507 3577 aut
535 3512 620 3596 quod
649 3533 760 3577 omnes
787 3531 938 3576 numeros
971 3509 1214 3594 probabilitatis
1246 3508 1371 3596 habet,
1410 3515 1460 3578 A:

289 3615 417 3700 quando
445 3639 503 3682 neo
530 3621 598 3682 tam
626 3617 796 3683 divaricati
820 3637 890 3682 esse
914 3615 948 3679 M
976 3616 1106 3680 litterae
1137 3613 1235 3700 pedes
1268 3616 1389 3684 solent
1424 3627 1461 3686 et

289 3728 492 3790 transversae
514 3723 698 3788 trabeculae
728 3722 808 3788 adeo
838 3722 953 3788 umbra
975 3722 1135 3806 quaedam
1158 3741 1332 3804 superesse
1360 3725 1459 3790 vide·

289 3833 351 3894 tur.
398 3829 520 3906 Quodsi
548 3829 588 3894 ab
612 3831 642 3894 A
670 3828 858 3914 incipientia
886 3829 1045 3895 voeabula
1072 3827 1360 3914 circumspexeris,
1397 3835 1460 3898 vix

288 3939 369 4019 puto
393 3935 482 4001 aliud
505 3937 591 4020 quod
613 3936 678 4000 huc
695 3935 831 4020 quadret
849 3941 979 4020 praeter
994 3933 1148 4012 AQVAR
1166 3933 1325 4018 reperies:
1351 3940 1459 4004 ouius

289 4043 377 4108 vocis
399 4043 511 4108 littera
534 4043 686 4120 alteraQ
715 4042 744 4107 si
772 4043 836 4106 iam
859 4041 992 4108 Mariuii
1019 4045 1128 4106 aetate
1152 4039 1296 4105 efracto
1322 4039 1379 4107 ibi
1405 4044 1458 4110 la-

289 4148 364 4234 pide
387 4149 506 4216 extnta
529 4153 612 4234 erat,
644 4149 715 4216 fieri
742 4147 896 4213 facillime
923 4149 1030 4233 potuit
1058 4151 1096 4213 ut
1122 4147 1176 4212 ille
1199 4145 1272 4230 ipsa
1295 4144 1328 4210 A
1354 4149 1459 4218 ineu-

289 4255 374 4320 riose
400 4257 630 4340 praetermissa
656 4255 820 4340 proximas
842 4252 936 4319 VAR
963 4255 1102 4340 litteras,
1130 4274 1212 4338 quae
1235 4251 1375 4336 quidem
1404 4257 1458 4324 in·

288 4361 401 4447 tellegi
419 4384 484 4427 non
496 4355 648 4446 possent,
672 4359 807 4426 calidius
825 4357 935 4425 VIAR
953 4361 1229 4446 interpretaretur.
1260 4354 1334 4422 Nec
1355 4365 1458 4432 enim

290 4467 358 4532 siue
391 4466 499 4550 aliqua
524 4468 647 4532 incuria
674 4465 894 4532 examinatum
925 4467 1219 4552 transcriptumque
1247 4487 1267 4528 a
1296 4463 1457 4537 Marinio
