2948 5048
405 298 506 347 nnors
531 300 683 346 nvnnrnn
707 299 792 348 rans
816 299 1017 348 aversanus.
1241 287 1283 350 39

133 445 240 509 nitate
269 443 470 509 ornatissimi
498 443 655 508 beneficio
679 441 882 508 Mlcnannrs
905 441 1021 508 boruz
1046 449 1214 530 acceptum
1237 469 1284 512 re·

134 551 231 634 ferre,
253 573 364 617 museo
384 550 551 615 Parmensi
574 572 660 615 nunc
678 550 841 635 praefecti,
864 549 986 615 laudati
1005 573 1077 616 ase
1097 552 1161 617 iam
1180 552 1285 618 Musei

133 659 285 724 Rhenani
317 659 395 724 novi
423 662 445 722 t.
473 657 520 723 Vl
543 682 574 742 p.
601 659 677 724 100:
705 658 860 724 donatum
888 658 921 722 id
950 658 1078 743 quidem
1107 659 1169 723 sibi
1197 682 1283 726 anno

136 766 220 831 1841
247 770 280 830 et
308 765 488 830 liberaliter
514 766 708 850 permissum
735 765 770 829 in
798 766 925 829 futurae
949 766 1100 859 editionis
1123 788 1232 850 usum,
1256 768 1283 831 si

133 873 186 937 cui
211 871 478 938 Germanicarum
510 894 617 937 rerum
650 872 792 936 rationes
826 873 930 958 magis
963 896 1060 958 quam
1094 870 1282 937 Italicarum

131 978 290 1043 faverent
335 975 432 1042 Haud
470 999 566 1062 aegre
605 1001 624 1042 a
663 977 830 1041 carissimo
864 977 989 1063 collega
1025 979 1210 1097 impetrpvi,
1246 983 1283 1044 ut

133 1086 255 1147 memet
277 1104 351 1147 eum
376 1104 446 1147 esse
470 1082 627 1148 editorem
646 1086 822 1167 pateretur,
845 1083 900 1166 qui
923 1083 1002 1148 mihi
1021 1084 1146 1150 viderer
1165 1107 1307 1170 operase

130 1192 272 1275 pretium
295 1192 454 1274 facturus,
482 1192 510 1255 si
538 1191 618 1255 illud
652 1184 849 1273 exemplum·
863 1195 983 1273 quanta
1012 1192 1081 1256 fieri
1110 1193 1281 1278 diligentia

129 1302 244 1383 posset
266 1297 468 1381 lithographi
492 1301 561 1362 arte
585 1295 777 1362 imitandum
802 1318 956 1362 curarem.

220 1404 265 1469 Flt
287 1404 326 1468 de
349 1403 559 1489 lithographo
584 1405 712 1489 quidem
736 1424 810 1467 vere
834 1402 1019 1486 praedicare
1045 1408 1077 1468 et
1096 1427 1228 1489 possum
1248 1410 1281 1470 et

129 1512 242 1595 debeo,
264 1510 346 1574 nihil
370 1533 442 1575 eum
465 1510 582 1594 reliqui
605 1509 728 1574 fecisse.
762 1507 810 1572 De
834 1531 906 1573 mea
930 1513 1038 1574 autem
1062 1533 1160 1595 opera
1183 1534 1278 1596 quam

129 1617 275 1683 modeste
299 1618 413 1696 sentia,
433 1622 501 1682 tam
527 1616 718 1701 simpliciter
738 1614 851 1679 dicam.
871 1615 1015 1680 Primum
1035 1617 1135 1702 igitur
1153 1622 1279 1702 partem

128 1725 338 1809 superstitem
359 1725 441 1810 legis
460 1725 611 1808 Rubriae,
631 1746 727 1809 quam
746 1745 763 1788 e
782 1722 930 1806 partibus
950 1724 1118 1788 minimum
1138 1725 1278 1810 quinque

127 1834 279 1916 quartam
303 1853 373 1896 esse
393 1831 464 1915 ipsa
482 1832 595 1895 tabula
614 1833 764 1913 testatur,
787 1831 1028 1912 repraesentavi
1048 1831 1173 1917 vulgari
1191 1832 1277 1898 litte-

127 1960 238 2002 rarum
265 1958 383 2023 genere
412 1959 595 2021 expressam
628 1940 660 2001 et
690 1937 738 2001 ita
767 1936 1007 2020 interpunctam
1039 1942 1075 2000 ut
1103 1940 1136 2000 et
1158 1938 1222 2024 legi
1246 1943 1278 2005 et

127 2044 273 2129 intellegi
301 2043 468 2109 commode
495 2048 619 2127 posset:
650 2042 795 2106 subiecta
817 2041 1009 2106 brevissima
1038 2064 1148 2107 earum
1172 2065 1276 2107 emen·

127 2151 297 2216 dationum
320 2150 497 2234 notatione,
521 2172 602 2234 quae
627 2154 683 2214 aut
706 2149 777 2213 aliis
802 2148 994 2213 deberentur
1024 2151 1081 2212 aut
1103 2149 1184 2213 mihi
1207 2171 1276 2214 esse

126 2258 329 2322 necessariae
348 2258 437 2322 visae
461 2259 579 2322 essent.
614 2256 702 2333 Quae
726 2279 806 2342 quos
830 2258 978 2320 auctores
1001 2255 1167 2339 haberent,
1190 2257 1277 2321 infra

126 2365 238 2448 posita
266 2363 528 2430 Annonamon'n
559 2363 702 2428 narravi:
727 2362 782 2428 ubi
811 2363 908 2427 etiam
938 2361 1095 2447 siglorum
1126 2363 1275 2447 explana·

125 2471 233 2537 tiones
253 2470 397 2556 adposui,
420 2472 483 2536 nisi
507 2494 587 2557 quas
602 2456 676 2554 bret,
700 2474 736 2536 ut
760 2469 984 2534 difficultatem
1007 2469 1131 2533 nullam
1155 2468 1275 2533 haben-

124 2581 185 2660 tes,
209 2575 340 2662 Hugoni
363 2578 427 2642 iam
451 2577 528 2642 Itali
552 2582 628 2642 ante
652 2576 826 2641 Marinium
851 2576 1044 2662 interpretes
1069 2573 1169 2640 Costa
1191 2574 1274 2659 Pog·
1384 2612 1386 2617 ·

124 2684 199 2767 gius
230 2682 356 2749 Carlius
387 2684 585 2769 praeissent,
618 2689 674 2749 aut
705 2683 738 2748 hi
772 2705 811 2746 ea
842 2683 1006 2766 imperitia
1038 2682 1275 2766 excogitassent

125 2789 216 2854 cuius
241 2791 403 2874 specimen
428 2790 502 2855 adl
522 2791 561 2855 31
583 2790 666 2858 dedi.
693 2789 818 2854 Ibidem
838 2787 938 2853 Carlii
962 2785 1027 2875 (Ο),
1052 2810 1145 2873 quem
1164 2791 1274 2854 tamen

123 2895 276 2981 Hugonis
292 2895 520 2981 Dirkseniique
535 2897 596 2961 fide
612 2917 838 2979 commemoro,
856 2893 988 2958 Marinii
1004 2893 1066 2981 (ll)
1081 2894 1201 2959 Lamae
1216 2893 1272 2983 (L)

124 3001 164 3067 de
188 3003 293 3086 ipsius
317 3003 400 3067 aeris
424 3004 579 3068 memoria
602 3003 789 3068 testimonia
808 3001 984 3086 composui,
1007 3024 1069 3085 quo
1093 3003 1211 3066 certius
1234 3003 1273 3068 de

124 3108 263 3192 singulis
290 3108 444 3173 indicium
473 3112 572 3173 esset:
600 3109 776 3192 separatim
804 3112 927 3192 tamen,
954 3131 994 3172 ne
1023 3109 1099 3193 quid
1126 3109 1177 3172 vel
1206 3113 1272 3173 tur-

122 3215 241 3279 barum
272 3215 323 3279 vel
351 3215 473 3280 fastidii
501 3216 723 3281 lectitantibus
747 3219 922 3299 crearetur,
951 3216 997 3280 eis
1025 3215 1174 3280 omnibus
1199 3214 1272 3300 'per-

123 3321 255 3405 scriptis
285 3344 366 3406 quae
399 3323 440 3387 ad
467 3322 759 3406 interpunctionem
789 3322 944 3386 orationis
977 3322 1148 3406 pertinent.
1200 3322 1271 3399 Quo

121 3427 158 3491 in
182 3449 300 3512 genere
329 3432 365 3492 ut
394 3429 529 3493 mirifica
557 3415 747 3493 testantium
772 3428 988 3512 discrepantia
1011 3435 1069 3513 est,
1092 3428 1138 3494 ita
1161 3430 1270 3513 paullo

120 3533 196 3617 plus
224 3556 321 3619 quam
351 3535 449 3618 vulgo
478 3535 618 3599 creditur
646 3535 807 3600 utilitatis.
854 3533 953 3599 Velut
982 3557 1048 3599 non
1079 3538 1129 3598 est
1150 3539 1270 3599 temere

121 3639 256 3724 factum,
280 3641 333 3705 sed
353 3664 390 3705 ex
410 3645 515 3706 certae
535 3641 722 3724 disciplinae
742 3642 926 3705 constantia
944 3640 1161 3724 repetendum,
1185 3642 1270 3725 quod

119 3746 312 3832 plerumque
336 3744 427 3832 (nam
451 3747 572 3833 aliquid
602 3769 678 3812 sane
707 3749 880 3832 sculptoris
902 3746 1130 3832 neglegentiae
1154 3747 1270 3812 condo

119 3850 282 3939 nandum)
315 3855 572 3938 praepositiones
607 3877 679 3919 cum
714 3856 781 3919 suis
818 3854 1001 3921 nominibus
1037 3856 1165 3918 coeunt:
1198 3855 1269 3919 obeo

117 3981 203 4041 aquo
225 3960 355 4041 adquam
378 3981 451 4025 exea
473 3962 577 4025 ineam
600 3963 702 4044 inquo,
721 3983 844 4044 cumaeo
867 3961 901 4024 II
925 3963 977 4044 27,
1000 3983 1063 4043 quo
1076 3961 1152 4043 dere,
1175 3982 1268 4042 qnam

118 4067 234 4148 strena
265 4068 337 4131 inea
359 4067 466 4151 κενὸα,
493 4069 561 4132 ineo
589 4070 718 4146 iudicio,
750 4069 890 4149 ennaea
916 4069 1066 4132 mdecreto
1095 4067 1269 4148 casamala

116 4175 299 4239 saladinus
330 4175 434 4239 inulto
466 4175 599 4256 inpollro
626 4174 797 4239 intercutem
824 4174 920 4239 iuius:
956 4175 1064 4259 qualia
1092 4196 1187 4258 saepe
1217 4176 1268 4239 vel

29 4332 39 4359 ,
118 4279 315 4365 corrigenda
345 4303 414 4344 esse
442 4281 593 4346 dixerunt
620 4282 670 4346 vel
701 4281 800 4346 tacite
823 4285 1031 4346 correxerunt
1055 4282 1179 4346 scilicet
1202 4304 1267 4346 non

118 4385 220 4470 Hngo
244 4388 373 4450 tantum
397 4390 430 4450 et
452 4386 562 4472 Lama,
585 4388 640 4453 sed
663 4388 733 4471 ipse
758 4386 837 4452 adeo
861 4386 1027 4453 Marinius.
1065 4388 1156 4474 Quid,
1180 4387 1265 4473 quod
