2948 5048
190 302 234 366 42
459 322 560 389 nnsis
585 323 736 370 nvnnrnn
759 323 844 371 nens
868 323 1072 372 svennsrns.

191 463 274 546 eipei
298 468 397 548 enret,
420 465 490 530 nise
510 470 515 544 Ι
535 465 588 548 iei,
611 487 691 550 quos
710 466 794 530 inter
812 466 845 529 id
863 465 1015 531 iudicium
1039 466 1215 550 aecipietur
1233 468 1339 533 leisne

189 570 438 654 contestabitur,
458 575 463 650 Ι
484 572 542 635 ieis
570 571 757 637 nominibus
791 573 925 651 fuerint,
957 596 1038 658 quae
1070 574 1104 638 in
1132 596 1244 640 earum
1272 599 1339 660 qna

189 675 329 741 formula
356 700 453 760 supra
482 681 598 763 scripte
622 684 680 765 est,
700 679 705 762 Ι
726 685 758 745 et
781 680 862 745 nisei
887 681 932 745 sei
955 679 1100 746 Mutinae
1123 703 1162 746 ea
1183 704 1237 747 res
1259 704 1338 769 age·
1356 704 1390 753 eo

189 788 250 848 tur.
300 784 394 848 neine
428 786 499 869 quis
528 787 734 871 magistratus
765 808 863 871 prone
893 790 1095 872 magistrate,
1115 787 1120 874 Ι
1139 788 1235 853 neine
1262 790 1338 873 quis

187 912 248 974 pro
279 913 342 974 qno
371 890 507 974 imperio
542 894 745 975 potestateue
779 891 854 975 erit,
889 892 1094 976 intercedite,
1125 892 1229 973 neifue
1256 896 1338 981 qnid

187 997 274 1062 aliud
298 998 398 1064 facito
422 1020 484 1082 quo
509 997 615 1062 minus
638 997 675 1063 de
697 1020 736 1063 ea
758 1020 791 1062 re
813 999 859 1062 ita
881 1000 1033 1065 iudicium
1057 1002 1175 1081 detur!

737 1177 787 1247 ΙΙ.

187 1310 418 1393 iudiceturque.
438 1308 443 1391 Ι

80 1415 156 1479 XXI
190 1416 220 1480 Α
244 1438 467 1500 quoquomque
492 1416 630 1500 pecunia
657 1419 744 1479 certa
767 1415 902 1497 eredita,
929 1414 1059 1499 signato
1081 1414 1186 1479 forma
1209 1415 1339 1498 publiea

187 1524 310 1606 pormlei
332 1523 492 1607 Renronei,
514 1522 549 1586 in
568 1544 676 1586 eorum
696 1544 759 1606 quo
780 1523 891 1604 oppido
910 1523 1079 1611 municipio
1098 1522 1221 1586 'colen-ia
1242 1545 1338 1607 prae

184 1632 304 1710 sectura
323 1632 328 1711 Ι
348 1630 414 1695 foro
442 1632 510 1695 uico
543 1630 743 1695 conciliabulo
771 1629 953 1712 castellone,
984 1651 1065 1713 quse
1093 1632 1168 1693 sunt
1195 1634 1338 1695 enmtne

187 1738 221 1801 in
246 1736 352 1802 Gallis
380 1737 571 1821 cisalpeins‚
599 1740 740 1819 petetur,
769 1758 850 1819 qnae
878 1757 930 1799 res
953 1756 1018 1799 non
1039 1733 1043 1820 Ι
1064 1734 1165 1820 pluris
1190 1735 1247 1801 HS
1272 1724 1338 1803 'XT'

160 1846 262 1928 ierit,
286 1846 332 1910 sei
356 1845 385 1910 is
409 1867 480 1909 earn
504 1844 671 1929 pecuniam
694 1842 730 1907 in
753 1844 822 1908 inre
846 1842 931 1927 apud
951 1866 1037 1925 eum,
1065 1842 1139 1926 quei
1160 1842 1228 1908 ibei
1251 1844 1338 1911 isarei

187 1952 334 2018 (ineundo
356 1955 502 2037 praeerit,
530 1952 559 2016 ei
582 1951 656 2035 quei
676 1950 681 2035 Ι
702 1972 772 2015 earn
796 1954 899 2035 petet,
927 1953 983 2014 aut
1010 1950 1040 2013 ei
1063 1949 1176 2034 quoius
1199 1952 1370 2017 nominet

187 2061 230 2125 sb
263 2081 301 2125 eo
334 2063 478 2144 petetur,
515 2059 590 2123 dore
620 2062 757 2140 oportere
788 2056 944 2121 deberene
976 2079 1010 2121 se
1046 2056 1213 2123 confessus
1234 2053 1240 2143 Ι
1261 2060 1337 2144 erit,

186 2189 290 2251 neque
326 2166 357 2230 id
392 2152 477 2251 qnod
509 2166 675 2230 confessus
703 2165 765 2228 erit
796 2164 903 2228 soluet
926 2164 1046 2229 satisne
1074 2163 1183 2245 faeiet,
1211 2168 1271 2229 aut
1299 2188 1334 2231 se

186 2275 361 2359 sponsione
381 2279 386 2354 Ι
406 2273 587 2357 iudicioque
610 2273 716 2354 nteipo
741 2272 904 2356 oportebit
927 2293 993 2336 non
1012 2271 1170 2354 defendet,
1193 2272 1285 2337 seiue
1304 2272 1333 2338 is

182 2381 248 2446 ibei
272 2381 309 2446 de
332 2403 371 2447 ea
393 2382 480 2445 rein
504 2381 572 2444 iure
595 2401 661 2444 non
682 2378 686 2464 Ι
707 2378 907 2462 responderit
929 2398 1033 2462 neque
1057 2376 1094 2442 de
1116 2398 1155 2441 ea
1177 2399 1210 2443 re
1233 2401 1333 2463 spon-

183 2488 308 2553 sionem
331 2488 431 2553 faciet
453 2509 555 2572 neque
578 2486 696 2550 iudicio
720 2486 787 2549 utei
811 2484 974 2569 oportebit
994 2484 998 2565 Ι
1019 2506 1052 2548 se
1076 2482 1240 2548 defendet:
1260 2489 1332 2552 turn

182 2594 296 2679 dees,
325 2617 344 2659 a
371 2617 434 2680 quo
464 2617 501 2659 ea
529 2593 667 2678 pecunia
695 2592 817 2676 peteite
840 2592 914 2674 erit,
938 2591 1039 2675 deque
1063 2612 1101 2656 eo
1124 2592 1201 2677 quoi
1224 2614 1301 2658 enm
1327 2592 1331 2681 Ι

181 2702 351 2786 pecuniam
374 2703 462 2767 darei
484 2701 644 2783 oportebit,
667 2702 796 2783 siremps
818 2722 869 2764 res
892 2701 944 2764 lex
963 2698 1013 2763 ius
1032 2720 1209 2783 caussaque
1229 2702 1331 2765 enini·
1351 2712 1382 2763 ιο

183 2809 238 2874 bus
260 2812 401 2874 omnium
430 2830 533 2873 remim
556 2812 642 2891 esto,
670 2812 766 2891 atque
795 2806 861 2871 utei
891 2810 975 2871 esset
997 2809 1133 2885 essene!
1154 2810 1332 2890 oporteret

183 2916 230 2982 sei
253 2917 294 3000 is,
322 2916 396 3003 quei
424 2916 471 2980 ita
494 2915 659 2980 confessus
688 2914 750 2978 erit
781 2918 837 2977 aut
866 2913 902 2977 de
925 2934 964 2977 ea
981 2934 1015 2977 re
1036 2935 1102 2977 non
1125 2912 1332 2996 responderit

184 3027 241 3087 aut
268 3046 302 3088 se
323 3022 327 3108 Ι
349 3023 521 3107 sponsione
554 3022 734 3106 indicioque
762 3022 827 3086 utei
856 3021 1020 3105 oportebit
1046 3043 1112 3086 non
1141 3018 1331 3102 defenderit,

183 3129 252 3193 eius
276 3130 432 3213 pecuniae
455 3129 506 3210 iei,
527 3124 531 3213 Ι
553 3130 626 3212 quei
650 3151 722 3194 eam
743 3151 800 3193 suo
820 3129 949 3193 nomine
968 3128 1099 3212 petierit
1117 3127 1236 3212 quoiue
1256 3148 1329 3192 eom

183 3234 270 3299 darei
301 3235 460 3318 oportebit,
492 3257 531 3299 ex
563 3235 708 3300 iudieieis
741 3236 844 3299 dnteis
876 3232 1066 3320 iuditeereue
1094 3239 1181 3299 reete
1211 3233 1330 3299 insseis

93 3336 95 3341 ’
183 3342 251 3405 iure
279 3343 350 3427 lege
377 3343 548 3407 damnatus
578 3345 663 3406 esset
692 3342 822 3406 fuisset:
898 3326 1199 3426 quoiqnequoinqne
1218 3345 1224 3421 Ι
1244 3338 1331 3405 IInir
1348 3327 1382 3401 it

182 3447 301 3512 IIIIuir
324 3448 542 3532 praefectione
565 3449 639 3530 nbei
663 3449 743 3513 iurei
766 3448 912 3513 deiciendo
934 3451 1076 3533 praeerit,
1099 3450 1230 3531 iseum,
1254 3447 1331 3534 quei

183 3554 230 3618 ito
257 3554 333 3638 quid
361 3556 526 3620 confessus
555 3556 616 3619 erit
637 3552 641 3639 Ι
661 3577 764 3639 neque
792 3555 823 3618 id
852 3555 958 3619 soluet
980 3556 1100 3620 sntisue
1123 3554 1231 3637 faciet,
1255 3577 1331 3639 euni

183 3662 256 3746 quei
281 3685 315 3725 se
339 3663 511 3744 sponsione
534 3663 692 3743 iudicione
716 3661 824 3742 uteine
845 3666 850 3740 Ι
871 3663 1035 3744 oportebit
1061 3684 1125 3728 non
1148 3661 1333 3727 detenderit

183 3771 239 3831 aut
262 3769 295 3831 in
319 3769 387 3832 iure
410 3791 474 3832 non
497 3769 700 3851 responderit
727 3789 829 3852 neque
859 3768 891 3832 id
920 3769 1026 3834 soluot
1046 3775 1050 3848 Ι
1071 3770 1193 3833 satisne
1220 3767 1331 3852 faciet,

182 3880 289 3939 tantae
311 3877 465 3959 proseriae,
488 3879 611 3959 quanto
634 3899 672 3941 ea
694 3876 831 3959 pecunia
854 3877 915 3941 erit
938 3877 977 3941 de
996 3898 1059 3960 qna
1077 3880 1146 3940 tum
1165 3875 1252 3940 inter
1272 3899 1330 3942 eos

183 3979 390 4067 ambigetur,
414 3980 488 4046 dum
513 3986 669 4049 terat...
692 3965 767 4067 W,
800 3986 867 4049 sine
889 3984 1079 4048 fraudasse
1102 3982 1174 4047 duci
1199 3982 1329 4049 iubeto:

183 4083 317 4172 qneiqrie
341 4110 451 4153 eornm
475 4112 588 4173 quem,
616 4091 655 4155 ad
685 4112 779 4176 quem
800 4094 805 4168 Ι
826 4114 864 4154 en
887 4113 937 4154 res
960 4090 1149 4173 pertinebit,
1172 4088 1331 4175 duxserit,
1348 4098 1382 4147 20

255 4337 372 4389 essunt
444 4337 536 4391 *lutei
554 4337 697 4407 oportebit
770 4344 801 4391 14
817 4338 1076 4408 queiqneqnomquo
1150 4335 1262 4425 lb—ibei

186 4429 218 4477 16
238 4439 336 4477 eumne
355 4425 419 4493 quei
491 4426 649 4497 iudicioque
669 4427 727 4482 utei
745 4426 886 4498 oportebit
958 4433 990 4482 19
1009 4429 1091 4482 taxat
1109 4426 1157 4483 HS
1175 4428 1227 4483 XV
