3062 5142
323 340 387 404 208
469 355 616 403 mruuvs
641 356 829 404 couvnnnu
855 357 1060 405 nosunnrns
1084 333 1267 405 nvna'um
1298 369 1311 394 ·
1348 344 1361 386 ι’
1398 357 1409 384 ·
1446 359 1457 381 ·
1493 353 1507 378 ·

323 497 449 562 Zonara
467 497 616 564 tradunt:
638 501 780 592 tertium,
803 523 831 563 v.
851 500 891 565 18
916 505 1059 565 servatas
1078 498 1197 565 NVOS
1218 500 1265 564 li
1304 475 1512 626 WRJ

323 627 343 667 a
365 603 524 689 principio
548 605 592 690 D,
619 628 687 670 non
710 606 736 671 P
758 607 897 672 litterae.
941 607 994 670 Ab
1017 607 1068 670 his
1097 607 1201 691 igitur
1231 629 1268 670 o·

322 711 426 776 fectus
449 712 536 777 haud
560 713 625 777 scio
656 736 698 778 an
725 713 963 799 redintegratae
991 713 1124 778 tabulae
1147 712 1239 796 quod
1303 693 1512 830 ἕψω(

324 819 505 902 exemplum
529 842 601 885 cum
621 821 729 906 aliqua
747 821 864 886 fiducia
884 820 1108 886 commendare
1128 820 1244 884 liceat:

324 924 482 989 cinnando
506 925 752 1010 antiquioribus,
776 950 857 1011 quae
880 927 1009 1011 quidem
1035 927 1133 992 alicui
1157 927 1236 992 usui
1271 958 1272 961 ¹
1310 927 1456 1074 ΝΞΛΓΞ
1469 987 1478 1010 ,
1496 939 1512 1004 ,·“

323 1031 496 1114 plementis
520 1033 639 1115 partim
663 1038 775 1099 nostra
798 1035 919 1118 partim
942 1033 1203 1100 Mommseniana
1230 1057 1271 1099 ar
1453 1033 1461 1060 ¹
1502 1017 1510 1034 ⁰

188 1135 197 1148 ’
324 1137 374 1202 his
399 1143 507 1204 autem
529 1139 592 1204 duo
615 1140 673 1204 illa
700 1141 795 1205 utilia
822 1142 998 1226 imprimis,
1035 1142 1153 1226 quibus
1181 1132 1273 1208 terti
1303 1183 1307 1189 -
1352 1136 1365 1192 ⁶·
1407 1129 1442 1226 ,Q
1470 1153 1512 1244 Ν

323 1242 544 1311 Mommseuus
569 1247 685 1328 QVE]
695 1282 701 1294 ·
717 1245 848 1312 POST·
863 1245 976 1312 DIES
1007 1249 1139 1312 vocibus
1168 1251 1256 1314 term
1367 1232 1372 1237 ⁶
1402 1226 1412 1258 ’
1437 1231 1505 1270 '¹³'

259 1359 261 1364 '
324 1352 374 1415 sui
401 1353 441 1417 15
467 1352 602 1418 OMNE
622 1354 815 1418 vocabulum
840 1355 999 1437 praefixit.
1135 1399 1140 1414 .

413 1457 450 1523 In
479 1458 615 1545 singulis
645 1460 832 1526 enarrandis
862 1460 1131 1546 defendendisquc
1163 1463 1246 1528 nolo

326 1585 404 1630 csse.
454 1565 492 1630 In
525 1565 684 1649 principio
722 1567 927 1650 potissimum
965 1568 1038 1632 aliis
1076 1589 1204 1653 quoque
1247 1594 1263 1635 s
1336 1557 1466 1708 OS,

326 1672 431 1737 locum
451 1694 606 1737 essenon
625 1695 675 1738 me
695 1674 795 1758 fugit:
818 1675 1034 1740 incertissima
1058 1697 1128 1740 esse
1152 1675 1223 1739 scio
1250 1699 1275 1762 q
1398 1699 1399 1702 ¹

324 1782 453 1844 tautum
476 1783 513 1845 ut
536 1779 667 1864 aliquod
691 1781 874 1865 exemplum
903 1786 1058 1864 exstaret,
1090 1781 1221 1846 adiecta
1253 1806 1270 1848 s
1313 1761 1512 1930 VEU

328 1887 369 1950 14
392 1887 418 1952 si
444 1883 576 1973 (coloe)
606 1909 757 1952 numerus
786 1893 836 1952 ter
863 1887 988 1972 positus
1018 1888 1093 1972 fuit,
1131 1888 1219 1954 idem
1255 1891 1267 1953 i

328 1993 378 2058 15.
399 1995 439 2058 16
461 1995 512 2059 vel
536 1995 655 2060 viciens
679 1996 801 2060 octiens
825 1995 875 2058 vel
899 1995 1021 2060 viciens
1045 1995 1180 2060 noviens
1204 2017 1266 2080 seq
1288 2032 1289 2051 ι
1366 1981 1476 2112 ΑΒ,

325 2103 448 2186 quater,
466 2101 598 2166 triciens
618 2106 654 2166 ut
675 2102 814 2167 videtur:
838 2102 1031 2186 quinquiens
1050 2103 1209 2186 repetitus
1230 2125 1292 2168 ιιιιΙ

326 2227 520 2292 quamquam
544 2230 609 2272 nou
634 2208 719 2274 desit
741 2209 890 2293 spatium.
925 2206 1077 2288 [Versum
1100 2208 1139 2271 16
1165 2229 1239 2272 sero
1276 2238 1280 2250 ·
1313 2209 1322 2248 1
1361 2179 1512 2338 {SE}

326 2315 444 2378 rectius
468 2315 514 2380 sic
537 2315 717 2381 terminari:
742 2313 1056 2396 lanmailmon]
1106 2315 1144 2378 Iu
1168 2315 1295 2380 aaran

326 2421 415 2484 617
439 2442 506 2486 non
530 2443 675 2486 servasse
700 2422 839 2505 scriptor
862 2422 884 2488 cl
904 2421 1048 2485 litteram
1072 2419 1197 2484 videtur
1228 2424 1267 2486 ut
1293 2423 1328 2467 ’1

327 2525 389 2590 6116
413 2527 585 2610 vocabule,
619 2528 651 2593 in
681 2550 743 2611 quo
772 2527 870 2592 nimis
898 2548 1049 2610 asperum
1077 2547 1273 2591 concursum
1467 2505 1474 2519 .

326 2632 409 2698 tium
437 2635 671 2698 reformidaret.
720 2631 884 2715 [Ceterum
917 2633 1029 2698 eodem
1064 2631 1202 2696 fortasse
1233 2633 1303 2696 iur
1335 2594 1384 2727 T
1503 2621 1512 2740 1

256 2789 261 2797 .
327 2739 583 2806 DIVTORNOD
621 2739 838 2805 OPSEDIOD
876 2737 1056 2802 OPEDOM
1095 2737 1267 2804 POPLVO
1506 2741 1512 2756 '

282 2881 286 2898 ι
327 2849 510 2913 v.1.2.4.
538 2847 576 2910 19
601 2851 633 2911 61
657 2849 685 2912 si
709 2869 790 2932 quae
814 2843 1077 2920 srmtsimilial·
1352 2803 1512 2956 ΕΙΣ·

415 2953 463 3016 De
485 2953 625 3018 historia
649 2957 756 3018 antem
787 2952 987 3019 monumenti
1016 2951 1170 3035 quoniam
1198 2975 1309 3038 quae..

327 3079 403 3143 gare
427 3059 521 3124 licuit
543 3061 651 3144 paullo
675 3062 903 3144 reconditiora,
926 3060 973 3124 sic
991 3058 1102 3143 paucis
1122 3059 1271 3142 accipite.

275 3165 462 3230 rutilianus
490 3165 618 3249 quidem
646 3167 795 3232 dubitare
827 3167 929 3232 nolite
957 3165 1036 3249 quin
1068 3187 1133 3228 non
1165 3165 1267 3230 aliam

327 3271 432 3354 ipsam
456 3273 699 3357 inscriptionem
722 3272 774 3338 his
798 3274 904 3338 verbis
925 3272 1011 3339 dicat
1034 3272 1058 3354 I,
1079 3273 1107 3355 7,
1130 3274 1184 3336 12:
1209 3271 1319 3336 ‘utL
1366 3237 1433 3382 H
1463 3279 1512 3404 sq

327 3379 450 3442 teribus
475 3378 504 3441 D
528 3379 678 3464 plurimis
703 3382 736 3445 in
760 3381 867 3446 uerbis
892 3379 1019 3442 adiecta
1042 3380 1085 3442 ad
1106 3379 1272 3463 ultimam,
1307 3410 1314 3437 ι

327 3485 481 3548 nifestum
506 3489 556 3549 est
579 3486 678 3550 etiam
702 3507 739 3550 ex
764 3487 913 3551 columna
931 3487 1073 3548 rostrata
1092 3505 1173 3567 quae
1193 3488 1244 3548 est
1261 3483 1296 3548 Ο.
1337 3466 1350 3541 l
1373 3459 1468 3589 Q
1492 3483 1512 3613 ρ

327 3591 398 3656 foro
427 3590 554 3675 posita?
606 3591 667 3668 Qui
697 3593 725 3655 si
752 3596 888 3657 noverat
919 3591 1134 3654 instauratam
1162 3589 1293 3674 haberi,

328 3698 423 3762 fidem
451 3698 656 3783 antiquitatis
685 3698 901 3764 instauratam
931 3698 1083 3783 putabat,
1113 3719 1172 3762 nec
1202 3698 1297 3782 profe
1346 3661 1503 3802 ww

328 3804 390 3868 hoc
413 3826 530 3889 genere
555 3804 604 3867 vel
629 3826 706 3868 cura
730 3805 781 3868 vel
803 3804 950 3868 doctrina
968 3804 1031 3868 fuit
1050 3807 1086 3867 ut
1106 3825 1125 3867 a
1144 3803 1272 3868 sincera
1292 3827 1323 3868 a·

328 3912 557 3996 antiquitatem
580 3915 666 3975 recte
686 3910 888 3975 discerneret.
917 3909 966 3975 lle
985 3910 1114 3994 prodita
1132 3931 1171 3973 ex
1189 3909 1262 3993 ipsa
1282 3932 1324 3974 au
1380 3875 1429 4004 0
1442 3888 1512 4034 ΡΙ.

328 4018 487 4085 columna,
504 4017 688 4100 Duelliana,
722 4015 814 4100 ‘quac
845 4020 894 4080 est
922 4017 1020 4080 etiam
1047 4037 1131 4079 nunc
1162 4015 1194 4079 iu
1218 4015 1314 4102 foro',

328 4124 538 4209 inscriptione
562 4124 729 4188 columnae
744 4122 868 4198 Plinius
892 4123 1035 4206 loquitur
1052 4121 1127 4188 Nat.
1147 4123 1225 4188 hist.
1239 4121 1299 4186 XX
1313 4128 1339 4191 't
1380 4079 1499 4254 VO

329 4229 398 4295 Sill.
440 4229 631 4322 Falsisaima
655 4230 783 4295 miscuit
805 4233 882 4314 post
904 4230 987 4294 alios
1011 4229 1212 4294 Niebuhrius
1236 4229 1271 4293 in
1295 4242 1339 4292 sul
1509 4237 1512 4266 ⁴

307 4337 469 4412 ¹historia
487 4336 635 4402 Romana
654 4334 776 4400 habitis
800 4339 822 4400 t.
842 4335 874 4398 ll
897 4359 927 4419 p.
948 4335 997 4399 25.
1031 4333 1227 4399 Nostrorum
1247 4339 1335 4398 aute
1404 4413 1432 4438 .
1463 4370 1481 4397 .
1507 4367 1512 4390 ι

330 4466 400 4506 rum
425 4443 580 4506 incisoria
605 4445 776 4525 postquam
802 4443 917 4505 mutila
941 4441 1162 4525 inscriptionis
1186 4433 1334 4506 tabula(
1364 4442 1371 4464 ⁸
1428 4435 1443 4494 1
