3080 5142
477 387 755 436 svrruauasnvu
778 388 827 436 111.
1154 373 1216 437 521

92 533 162 596 aliae
183 553 308 616 quoque
335 531 370 596 in
393 531 506 597 eodem
534 531 630 597 titulo
658 531 785 597 litterae
812 531 908 596 lincis
936 553 1002 596 non
1029 530 1219 595 coeuntibus

92 639 183 703 hiant:
206 634 299 704 ΗΝ
318 634 339 703 Ιν
360 631 390 706 1)
409 639 460 706 rh.
507 637 623 714 Qualia
646 637 791 722 exempla
814 638 848 702 in
866 637 902 702 P.
925 637 958 702 L.
982 635 1025 702 M.
1048 636 1086 703 Ε.
1109 637 1220 702 indici-

92 744 141 808 bus
163 744 443 831 palaeographicis
466 767 497 829 p.
514 745 590 810 119ο
613 745 783 830 designata
804 766 871 809 non
891 744 969 810 adeo
989 767 1092 829 pauca
1108 743 1220 810 habes.

94 887 126 897 -
147 848 294 916 Ceterum
318 851 425 916 cultus
440 848 603 935 Apollinis
627 872 723 936 quam
747 850 835 917 cordi
857 850 956 916 fuerit
974 848 1112 936 Calenis,
1134 853 1220 916 recte

93 957 309 1024 Gnidobaldius
333 958 460 1024 monuit
477 957 557 1023 satis
576 980 594 1022 e
611 958 753 1023 nummis
772 957 904 1023 illorum
922 956 1084 1042 intellegi,
1107 958 1219 1041 quales

93 1085 152 1127 eum
173 1065 257 1147 apud
275 1063 451 1130 Gerellium
476 1068 736 1149 repraesentatos
759 1063 848 1130 vides
867 1067 937 1129 tum
959 1064 994 1128 in
1011 1063 1047 1127 P.
1065 1062 1101 1129 Ia.
1119 1062 1163 1128 M.
1181 1061 1219 1128 Ε.

93 1171 147 1234 tab.
164 1169 235 1255 VH,
257 1173 300 1238 35
325 1171 373 1252 [Ο.
397 1171 422 1236 Ι.
446 1171 479 1236 L.
502 1170 517 1235 l
542 1171 661 1251 n.15].

168 1489 216 1554 Ad
240 1491 534 1557 Praenestinam
559 1490 787 1575 antiquitatem
810 1491 926 1574 reliqui
949 1491 1035 1556 tituli
1060 1493 1221 1576 pertinent

94 1594 143 1660 hac
163 1597 274 1663 tabula
296 1597 487 1663 consociati:
511 1619 648 1682 quorum
671 1599 786 1680 ectypa
809 1596 980 1662 chartacea
1003 1598 1111 1664 aviro
1130 1619 1220 1682 prae-

94 1703 280 1770 stantissimo
313 1705 412 1770 Petro
445 1702 611 1769 Oicerchia
643 1703 854 1768 Praenestino
887 1706 1020 1789 accepta
1051 1704 1154 1770 amice
1183 1707 1222 1768 ut

95 1808 163 1872 solet
184 1809 363 1876 Guilelmus
386 1807 557 1875 Henzenus
580 1809 749 1875 nobiscum
772 1809 1029 1876 communicavit.

167 1916 210 1981 Et
237 1918 275 1982 de
303 1939 342 1982 ao
370 1916 499 2002 quidem
527 1937 621 2000 quem
654 1916 713 1981 sub
737 1915 772 1980 B
798 1915 965 1999 posuimus
997 1915 1108 1999 paucis
1137 1915 1221 1980 idem

96 2021 275 2107 significavit
297 2025 332 2088 iu
347 2021 554 2088 ‘Bullettino'
573 2022 660 2088 arch.
675 2023 767 2088 ltom.
786 2043 815 2086 a.
832 2021 916 2086 1863
940 2043 970 2105 ρ,
990 2021 1019 2104 8,
1041 2027 1220 2106 receperat-

95 2147 234 2209 quaeum
258 2131 325 2196 iam
348 2129 570 2195 Mommsenus
596 2129 631 2193 in
655 2127 781 2213 Corpus
803 2127 895 2191 inscr.
916 2126 973 2191 lat.
992 2126 1083 2190 soll
1106 2150 1136 2212 p.
1156 2129 1221 2193 562

96 2235 223 2302 111541.
267 2235 336 2301 Nec
363 2235 437 2319 plus
465 2256 561 2318 quam
590 2233 726 2322 abillis
754 2234 806 2299 vel
834 2234 952 2300 lectum
983 2237 1034 2298 est
1057 2234 1108 2299 vel
1131 2234 1221 2300 intel·

96 2337 212 2424 lectum,
237 2342 332 2407 nohis
356 2340 516 2425 expiscari
539 2339 646 2406 licuit:
678 2345 747 2406 tam
774 2341 891 2406 misere
914 2361 1083 2405 corrosum
1105 2341 1157 2405 vel
1185 2345 1223 2406 ut

97 2445 186 2512 verius
212 2448 317 2512 dicam
341 2446 586 2512 deruncinatum
614 2447 756 2530 lapidem
780 2450 848 2512 tam
871 2446 1006 2511 mutilae
1028 2446 1124 2510 hodie
1147 2447 1221 2512 reli·

97 2551 174 2633 quiae
195 2555 352 2638 pristinae
376 2554 554 2638 scripturae
578 2556 747 2638 occupant.
798 2551 889 2628 Quod
912 2555 949 2617 nt
972 2551 1068 2636 quale
1090 2552 1222 2617 tandem

98 2662 168 2723 essct
188 2665 219 2725 et
241 2660 325 2726 unde
347 2660 471 2726 iactum
494 2682 627 2744 prorsus
650 2660 864 2742 resciscerem,
887 2657 1123 2743 Woligangum
1146 2657 1221 2722 Hel-

97 2761 203 2847 bigium
222 2765 451 2849 Dresdensem,
470 2765 660 2850 disciplinae
673 2764 856 2830 Bonnensis
877 2767 946 2828 tam
965 2785 1107 2850 gnavum
1125 2787 1221 2850 quam
1289 2787 1295 2804 ⁸

98 2868 259 2937 officiosum
278 2872 459 2956 alumnum,
481 2871 576 2937 facile
595 2871 745 2955 precibus
764 2871 845 2935 meis
864 2871 951 2936 movi
971 2871 1222 2937 1111111οΡ111-

98 2976 279 3044 nestinorum
307 2979 427 3064 oppido
458 3001 571 3044 saxum
594 2978 676 3044 illud
699 2977 871 3064 diligenter
899 2978 1099 3043 examinaret
1121 2979 1223 3065 deque

100 3100 129 3143 eo
154 3082 230 3150 haec
261 3085 302 3150 ad
335 3106 386 3150 me
418 3085 554 3151 referret
585 3107 667 3170 quae
695 3084 783 3150 infra
813 3085 929 3169 scripsi
960 3085 1023 3151 fide
1052 3087 1222 3154 verborum

101 3195 216 3256 servata

153 3294 220 3363 ‘Die
247 3297 523 3384 praenestinische
551 3295 872 3380 Turpennsinschrift
900 3297 1042 3363 hefiudet
1069 3297 1139 3363 sich
1168 3299 1227 3362 auf

153 3404 250 3469 ciuem
266 3403 386 3486 Staius,
409 3404 443 3468 in
462 3403 617 3468 walchem
635 3425 724 3487 man,
748 3403 791 3468 da
813 3426 848 3468 er
865 3403 918 3468 fiir
937 3404 1008 3468 eine
1023 3403 1222 3468 Bilds‘dulen-

153 3510 236 3575 basis
259 3534 298 3576 au
321 3509 411 3574 klein
434 3510 491 3593 ist,
514 3509 597 3574 nach
617 3509 705 3575 allen
724 3509 907 3594 Analogien
930 3510 1001 3574 eine
1020 3507 1088 3573 Ara
1113 3511 1223 3574 erlren-

152 3636 210 3681 nen
227 3639 325 3682 muss.
358 3614 520 3701 Auflirllig
542 3615 586 3680 ist
608 3616 659 3680 die
674 3614 875 3681 Schmalhcit
897 3615 954 3680 der
976 3615 1091 3680 beiden
1106 3613 1224 3699 Seiten,

153 3721 268 3787 welche
291 3721 405 3787 hinten
428 3744 470 3788 an
494 3721 545 3786 die
568 3719 806 3787 Insohriftseite
829 3725 988 3787 ansetzen.
1025 3719 1132 3786 Schon
1156 3721 1223 3786 dies

154 3827 258 3894 macht
281 3851 315 3894 cs
335 3828 617 3913 wahrscheinlich,
641 3829 715 3895 dass
738 3828 790 3893 die
812 3829 938 3894 hintere
952 3828 1063 3893 Htlfte
1087 3828 1143 3892 der
1157 3826 1225 3892 Ara

153 3934 385 4021 ahgeschlagen
407 3935 460 4000 ist.
496 3934 561 3999 Zur
583 3933 778 4001 Gcwissheit
800 3935 879 3999 wird
903 3935 990 4001 diese
1008 3933 1149 3999 Ansicht
1171 3933 1223 3996 da·

154 4039 257 4124 durch,
280 4041 356 4106 dass
380 4040 449 4106 sich
472 4042 507 4106 in
529 4041 716 4106 demselben
731 4039 862 4124 Garten,
886 4063 936 4106 wo
955 4041 1024 4106 sich
1044 4040 1094 4104 die
1112 4038 1224 4104 bisher

154 4145 310 4214 hehanute
333 4145 447 4212 Helfte
470 4147 641 4232 vorfindet,
664 4148 747 4212 auch
770 4147 822 4211 die
846 4147 963 4213 endere
987 4147 1134 4212 erhalten
1156 4145 1223 4211 hat.

153 4250 241 4318 Denn
265 4253 341 4319 dass
364 4253 415 4318 die
435 4253 549 4318 beiden
564 4252 674 4318 Steine
692 4253 1030 4338 zusammengehtren,
1053 4252 1140 4318 lehrt
1158 4253 1223 4316 ein-

153 4360 215 4424 mal
237 4359 289 4425 die
312 4358 513 4444 vollstiindig
535 4358 715 4424 identische
731 4357 991 4422 Beachaffenheit
1013 4357 1070 4421 der
1093 4357 1225 4421 heisten

154 4467 213 4530 und
227 4465 444 4550 Hohlkehlen,
462 4465 583 4530 welche
603 4465 654 4530 die
668 4464 762 4530 Bacis
777 4465 833 4529 der
847 4465 962 4530 beiden
977 4462 1085 4529 Steine
1105 4463 1224 4556 hilden,
