2948 5048
416 337 642 386 smorcscrvu
666 338 938 388 sorensemcvu.
1229 328 1250 391 5

101 503 154 564 ap.
178 479 268 545 Grut.
293 481 367 564 960,
386 482 416 545 3.
435 481 509 563 963,
533 482 562 546 6.
586 481 660 565 986,
685 482 713 546 7.
737 481 811 565 994,
835 483 864 566 2,
889 485 1039 567 quoniam
1060 488 1153 550 tanta
1170 486 1198 551 Ε
1218 491 1251 550 et

100 586 116 651 Ι
136 588 322 652 litterarum
340 592 411 652 tum
429 587 463 652 in
482 587 644 672 lapidibus
664 593 734 652 tum
753 590 786 653 iu
805 590 1040 674 antiquissimis
1059 591 1151 656 libris
1166 594 1250 658 solet

102 695 283 760 similitudo
308 716 388 777 essa,
417 699 453 759 ut
476 717 573 778 saepe
596 717 729 779 prorsus
751 700 914 781 nequeant
937 697 1088 762 discerni:
1118 701 1249 763 tametsi

100 802 236 867 minime
263 825 323 867 nos
352 801 430 865 talia
457 801 601 886 fugiunt,
634 802 742 885 qualia
770 806 845 866 sunt
872 803 1074 887 Memoriam,
1101 805 1250 869 Eremiui

101 931 154 993 ap.
174 907 263 973 Grut.
287 909 339 992 25,
363 909 392 973 9.
416 909 490 991 982,
516 910 554 973 11
580 929 618 972 ex
641 910 768 992 vulgari
791 910 1022 993 pronuntiandi
1045 912 1249 996 neglegentia

101 1014 286 1099 repetenda.
336 1013 468 1078 Retioni
506 1013 733 1078 convenienter
770 1015 927 1098 scriptum
968 1040 1033 1081 non
1064 1018 1248 1102 infrequens

101 1102 220 1187 nomen
243 1125 350 1186 exstat
372 1121 470 1185 etiam
493 1121 528 1185 in
552 1121 649 1184 titulo
669 1122 709 1185 ab
728 1122 924 1187 amicissimo
944 1124 1085 1189 Aemilio
1105 1124 1247 1192 Braunio

101 1230 272 1294 nobiseum
291 1228 537 1312 communicato,
556 1249 651 1312 quem
666 1228 700 1292 in
714 1228 913 1320 Amendolae
928 1231 1095 1296 cuiusdam
1109 1233 1247 1298 Romani

99 1337 237 1402 taberna
260 1336 352 1416 (cuffe
378 1335 496 1418 cortile)
520 1359 539 1399 a
562 1335 655 1400 nobis
685 1336 862 1418 inspectum
893 1337 954 1403 hac
978 1341 1145 1405 occasione
1174 1364 1248 1424 pro-

99 1443 222 1508 dimus:

281 1531 311 1617 I)
403 1548 605 1597 ccuvumn
621 1565 628 1578 ·
644 1549 846 1595 cumvuunn

403 1637 556 1685 cnevius
572 1654 579 1668 ·
594 1620 877 1688 crrchsnrurs

454 1726 812 1776 cernentur-surus

426 1815 677 1863 eun-cemo-
707 1817 881 1864 rsn'rro

282 1890 303 1952 5
487 1905 632 1952 conrvcr
654 1922 662 1935 ·
687 1905 770 1953 svo

443 1994 872 2043 correctivum-succro

487 2083 707 2131 commemo
720 2103 726 2116 ·
737 2085 801 2131 svo

414 2152 908 2222 nc·emisseus-mumius

388 2261 942 2322 mnscmsvs·eos'rumsosonvn

96 2370 146 2434 De
169 2370 312 2453 ratione,
339 2390 421 2452 quac
443 2368 529 2433 inter
551 2366 823 2452 Chrysanthidem
851 2374 884 2433 et
907 2368 1077 2434 Claudium
1100 2371 1243 2434 Tertium
1359 2415 1367 2421 -

95 2477 327 2552 intercedebat,
350 2475 437 2540 infra
460 2474 610 2539 dicemus.

187 2582 391 2667 Quamquam
418 2585 528 2647 autem
555 2603 620 2647 non
646 2582 708 2646 hoc
736 2604 820 2645 nunc
851 2583 994 2667 agimus,
1022 2585 1074 2664 ut,
1103 2582 1179 2666 quid
1203 2583 1243 2646 ad

96 2691 356 2757 emendationem
388 2691 478 2773 prius
503 2688 661 2752 editarum
685 2689 931 2772 inscriptionum
956 2688 1120 2752 Romanus
1145 2687 1244 2752 codex

95 2797 254 2881 conferat,
273 2797 381 2861 dedita
399 2817 497 2879 opera
516 2796 699 2861 doceamus:
724 2794 762 2858 de
782 2817 845 2879 quo
865 2794 989 2858 dicetur
1008 2816 1065 2858 suo
1084 2797 1244 2876 tempore:

95 2908 217 2988 tamen,
240 2925 313 2969 cum
336 2904 380 2967 sit
403 2925 479 2967 sane
503 2903 743 2987 properandum
763 2902 804 2966 ad
822 2903 1006 2986 incognitas
1026 2900 1244 2985 proferendas,

96 3012 232 3093 propter
254 3009 386 3094 egregia
414 3008 571 3094 quaedam
602 3009 827 3094 supplementa
855 3008 995 3072 medium
1024 3009 1108 3072 inter
1138 3008 1243 3072 editas

96 3120 131 3179 et
167 3115 305 3180 ineditas
342 3114 447 3180 locum
484 3138 548 3180 unc
583 3119 692 3198 tenet,
729 3137 811 3200 quae
848 3115 953 3217 minus
992 3115 1120 3198 integra
1157 3114 1243 3197 apud

96 3220 286 3286 Fabrettum
309 3220 349 3303 X,
372 3221 446 3304 364,
470 3221 516 3287 sie
536 3222 657 3306 scripta
680 3223 714 3286 in
737 3221 846 3286 codice
871 3224 988 3285 exstat:

97 3345 130 3410 ΙΙ
563 3395 564 3400 ,

132 3344 215 3537 )Ρ·
256 3346 554 3540 SVLLDIVS
621 3345 918 3540 ZOTIOViS
978 3463 1062 3535 ET
1117 3462 1242 3536 SVL

161 3584 274 3658 LIA
334 3583 491 3659 NICE
556 3582 869 3659 CONIVNX
943 3583 1092 3657 VIVI
1165 3583 1230 3656 SI

160 3702 513 3769 lsi-cumulo
559 3702 626 3768 ET
654 3702 887 3769 LIBEltTIS
924 3702 1109 3767 LIBEltT

117 3809 382 3888 essvsuvn
419 3808 688 3876 POSTERIS
721 3808 836 3886 Qvu
870 3808 1029 3874 EORV

159 3916 495 3986 FECERVNT·
540 3915 634 3980 ITA
656 3915 780 3981 NEA
827 3934 1153 3995 Qvoovunsonv

158 4040 821 4092 IIORTVLV8·ALIENETVR·VELVBNEAT·
832 4041 927 4100 QVOT
943 4041 974 4087 SI
989 4041 1068 4099 QVIS
1085 4041 1157 4088 DON

158 4132 339 4180 VEXIDERE
350 4148 356 4163 ·
368 4131 592 4178 ALIENAREVE
603 4147 610 4162 ·
620 4130 751 4189 ALIQVO
762 4147 768 4160 ·
779 4130 879 4177 MODO
899 4146 906 4160 ·
930 4131 952 4175 V
960 4129 1139 4176 OLVERIT

159 4221 356 4286 IVLIAE·
375 4218 880 4286 'PATIANum-colvcl
904 4252 911 4266 ·
940 4215 1161 4283 ΟΡΤΙΜΑΕ

99 4333 141 4397 10
160 4323 1051 4404 TIS-LIBERTABVSQVE·POSTERISQVE·EIVS

589 4431 796 4498 SVLLIVS
815 4467 822 4481 ·
841 4429 1059 4496 ISTEFAN

1257 3383 1270 3421 6
