3118 5148
354 415 457 462 88818
480 415 632 462 uvaurae
658 413 743 462 1188
768 411 966 460 8118118188.
1190 393 1233 456 35

102 557 189 620 ciuilis
220 579 307 622 anno
338 558 423 622 1823
457 558 554 623 editis
581 581 611 642 p.
640 558 682 622 72
711 579 793 640 sqq,
821 555 867 619 eis
896 555 1017 636 verbis,
1050 553 1166 637 quibus
1199 551 1232 614 in

101 663 192 746 priore
214 665 348 746 tabulae
370 668 463 748 parte
486 687 516 728 v.
535 664 578 728 29
598 667 631 729 et
650 663 692 728 38
713 663 834 727 mentio
852 662 891 726 fit
909 661 982 743 lepis
1001 659 1146 740 Rubriae,
1165 679 1231 722 non

101 769 304 854 adunatque
333 792 405 835 eam
429 771 534 854 ipsam
562 771 669 855 legem
693 769 757 834 dici
780 769 815 833 in
838 790 903 852 qua
925 789 964 832 ea
987 767 1087 831 verba
1109 763 1232 848 scripta

102 880 175 958 sunt,
196 880 310 960 utpote
340 878 376 942 in
402 876 543 943 formula
571 877 695 961 posita,
727 876 869 966 primum
900 873 1046 938 omnium
1073 871 1231 957 praeclari

101 981 206 1045 inventi
234 983 386 1048 laudator
409 983 592 1049 Gusruvvs
616 981 722 1048 HVGO
753 981 879 1046 exstitit
902 978 1068 1045 Historiae
1092 979 1171 1043 iuris
1195 977 1233 1042 R.

100 1110 205 1152 nonum
227 1091 336 1156 editae
361 1113 389 1156 a.
416 1091 501 1156 1824
524 1113 554 1175 p.
580 1090 601 1155 5
624 1113 672 1174 sq.
717 1088 791 1152 Vno
815 1091 892 1172 post
914 1109 1000 1151 anno
1025 1087 1233 1170 impugnatus

102 1191 164 1258 aO.
185 1195 222 1260 A.
246 1193 283 1260 C.
306 1196 467 1265 11881818
495 1198 530 1261 18
554 1197 758 1261 enarratione
784 1194 867 1279 legis
892 1191 1047 1259 Serviliae
1074 1215 1104 1276 p.
1128 1192 1169 1255 21
1201 1195 1234 1256 et
1281 1278 1283 1284 Α

101 1299 147 1382 39,
171 1304 371 1386 propositam
401 1327 420 1367 a
447 1325 481 1367 se
506 1299 874 1367 8881881188Ρνο1111
902 1299 1033 1364 uberius
1063 1303 1233 1364 exsecutus

102 1405 127 1468 in
143 1405 300 1474 chonrs
320 1409 550 1493 Promptuario
569 1409 650 1474 iuris
669 1407 784 1490 ciuilis,
806 1407 888 1472 tomi
907 1405 953 1471 Vl
977 1429 1004 1472 a.
1026 1406 1109 1472 1827
1130 1406 1234 1490 publi·

102 1513 154 1575 cati
178 1536 207 1597 p.
232 1516 295 1580 123
321 1537 390 1600 sqq.
397 1567 406 1600 ,
435 1516 494 1580 eis
511 1515 693 1581 rationibus
723 1515 877 1580 tuebatur
900 1535 980 1598 quas
1003 1535 1137 1597 prorsus
1159 1537 1233 1598 pro-

101 1619 177 1682 baret
197 1619 373 1687 Pslnrruo
395 1622 572 1688 Euvnsuo
595 1620 792 1702 Hvsofflrm,
816 1643 888 1686 cum
912 1621 946 1685 in
969 1619 1090 1684 Diariis
1110 1605 1232 1685 criticis

100 1726 355 1810 iurisprudeutiae
378 1727 641 1813 Tubingensibus
666 1729 743 1793 anni
765 1727 860 1810 1829,
882 1728 962 1792 tomi
982 1726 1012 1791 V
1031 1749 1061 1811 p.
1080 1727 1146 1792 352
1165 1750 1234 1812 sqq.

100 1829 131 1893 de
154 1831 221 1916 ipsa
242 1835 468 1903 controversia
491 1835 633 1900 breviter
661 1834 855 1919 disputanti,
883 1837 953 1898 tum
976 1834 1159 1898 academica
1183 1833 1233 1898 ‘de

101 1938 247 2004 actionum
274 1941 426 2006 formulis
454 1965 536 2026 quae
563 1943 598 2006 in
629 1943 701 2026 lege
725 1941 848 2006 Rubria
872 1939 1013 2006 exstant’
1038 1944 1233 2006 commenta-

100 2043 173 2110 tione
188 2045 412 2112 Vratislaviae
431 2071 459 2112 a.
480 2049 565 2114 1832
585 2049 704 2114 emissa
722 2048 934 2133 gravissimas
953 2046 1110 2130 quasdam
1124 2049 1233 2130 partes

101 2155 284 2224 monumenti
315 2154 499 2221 Parmensis
534 2177 620 2220 nova
646 2154 681 2220 in
710 2155 781 2221 luce
811 2153 1002 2218 conlocant.
1052 2150 1127 2218 Non
1154 2154 1232 2218 item

101 2257 225 2326 Pucflra
257 2262 290 2326 ei
323 2262 498 2347 persuasit,
531 2264 583 2328 cui
615 2262 777 2347 placuisse
810 2260 861 2325 vel
893 2261 1033 2325 maxime
1065 2260 1233 2343 intererat,

101 2361 227 2433 8111880
264 2369 465 2434 8818811180
500 2366 661 2434 8111111101
699 2369 754 2453 qui
786 2389 866 2452 quas
899 2365 1069 2430 dubitandi
1101 2387 1233 2430 caussas

100 2471 227 2559 haberet,
250 2475 383 2559 aperuit
406 2475 440 2540 in
458 2475 621 2541 luculenta
644 2475 683 2539 de
706 2475 777 2560 lege
800 2473 884 2538 lulia
907 2471 1097 2556 municipali
1117 2471 1232 2537 disser-

101 2579 207 2646 tatione
226 2580 352 2647 Diariis
371 2582 642 2666 iurisprudentiue
659 2580 835 2647 historicae
853 2580 974 2644 inserta
990 2601 1017 2642 a.
1039 2579 1133 2662 1838,
1152 2580 1233 2644 tomi

101 2683 182 2750 VIIII
202 2711 232 2772 p.
256 2689 334 2771 337,
359 2689 411 2754 vel
433 2679 653 2753 Miscellorum
676 2692 699 2752 t.
723 2685 773 2752 III
795 2711 825 2771 p.
849 2687 923 2752 323.
970 2686 1083 2769 Itaque
1106 2686 1182 2751 huic
1200 2692 1235 2751 81

101 2787 291 2860 8118811118
331 2817 415 2860 anno
447 2795 631 2878 insequenti
667 2794 779 2878 paucis
815 2792 982 2878 respondit
1021 2793 1055 2857 in
1087 2792 1234 2858 Richteri

101 2895 335 2985 Schneiderique
364 2900 546 2967 Annalibus
574 2901 697 2966 criticis
725 2901 1012 2984 iurisprudentiae,
1040 2900 1121 2965 tomi
1144 2899 1175 2965 V
1203 2923 1233 2984 p.

101 3004 161 3089 133,
181 3013 213 3072 81
234 3009 309 3093 ipse
326 3008 473 3072 Pvcnm
492 3007 681 3091 plenissime
705 3008 784 3072 88118
809 3007 888 3072 fecit
906 3029 933 3072 a.
954 3007 1040 3072 1840
1059 3005 1234 3071 ineisdem

101 3109 155 3175 illis
175 3113 326 3199 Dias-iis,
341 3114 422 3181 tomi
444 3115 474 3179 X
498 3137 528 3198 p.
555 3114 617 3180 195
641 3136 722 3198 sqq:
749 3137 826 3179 nem
853 3115 932 3178 sutis
962 3113 1079 3178 fecisse
1102 3113 1233 3178 biennio

103 3223 162 3297 post
185 3217 352 3286 Snvmrvs
375 3219 513 3304 ingenue
537 3219 644 3285 fassus
673 3226 724 3285 est
751 3221 821 3305 ipse
849 3221 1025 3286 eorundem
1047 3219 1233 3285 Diarioruur

103 3329 120 3384 1.
138 3324 177 3388 XI
198 3349 228 3410 p.
252 3327 298 3392 53
322 3349 393 3411 sqq.
415 3327 466 3390 vel
490 3325 626 3395 Miscell.
649 3331 672 3394 t.
694 3325 744 3391 111
767 3350 798 3412 p.
829 3327 893 3392 318
917 3349 987 3411 sqq.
1023 3325 1111 3392 Num
1135 3328 1234 3392 etiam

102 3427 176 3497 (1.8.
197 3433 439 3500 ancunumo
463 3436 544 3500 satis
567 3433 691 3518 fecerit,
714 3435 769 3519 qui
792 3437 906 3499 contra
925 3432 1098 3499 Pvcfl‘rau
1122 3435 1241 3500 acuile-²

103 3537 204 3604 uicum
233 3542 386 3607 libellum
410 3539 460 3604 ‘de
488 3541 562 3625 lege
585 3540 720 3607 Rubria’
748 3541 856 3607 Kiliae
880 3563 907 3606 8.
938 3541 1021 3606 1839
1051 3542 1233 3626 scripserat,

102 3665 148 3708 uec
168 3648 265 3711 scitur
288 3626 527 3731 nec⁰quaerere
551 3648 677 3712 attinet.

175 3751 298 3828 Quodsi
327 3751 510 3836 Suvrmvn,
540 3753 631 3818 cuius
660 3753 699 3818 de
727 3755 798 3840 lege
825 3754 910 3820 Iulia
937 3756 1127 3840 municipali
1149 3780 1234 3823 corn-

103 3861 242 3924 nentatio
265 3861 302 3924 in
325 3859 396 3923 iure
418 3859 549 3942 publico
573 3859 655 3944 legis
679 3859 821 3925 Rubriae
850 3861 1054 3930 inlustranda
1078 3868 1234 3948 versatur,

103 3965 238 4044 quasdam
271 3967 344 4032 eius
376 3970 485 4049 partes
519 3966 559 4030 ad
589 3967 639 4031 ius
671 3967 834 4050 privatum
864 3973 1047 4051 spectantes
1074 3973 1233 4035 tractasse

104 4069 195 4136 dixero
217 4074 253 4137 in
276 4095 317 4136 ea
340 4071 578 4156 dissertatione,
600 4095 697 4157 quam
720 4073 759 4138 de
778 4075 911 4159 antiquo
930 4076 998 4141 iure
1017 4077 1053 4142 lt.
1073 4077 1158 4143 circa
1178 4099 1259 4142 8881

105 4177 229 4245 alienum
247 4181 407 4264 scriptam
428 4179 566 4244 inseruit
583 4182 823 4246 commentariis
841 4182 1024 4248 academiae
1043 4182 1233 4250 Borussicae

105 4287 166 4349 anni
185 4287 279 4370 1833,
299 4286 433 4350 iteravit
452 4285 671 4352 Miscellorum
689 4292 711 4355 t.
736 4288 770 4353 ΙΙ
788 4311 819 4373 p.
838 4289 904 4354 430
923 4313 1008 4374 sqq:
1031 4290 1127 4354 simul
1146 4290 1232 4356 vide·

106 4389 152 4456 bor
177 4395 369 4479 potissimos
398 4395 569 4477 scriptores
599 4416 817 4478 enumerasse,
841 4397 896 4480 qui
924 4395 961 4460 de
989 4419 1096 4461 rerum
1125 4398 1232 4483 expla-

106 4500 217 4566 natione
240 4500 276 4566 in
305 4501 380 4585 lege
401 4499 524 4566 Rubria
547 4507 798 4568 memoratarum
822 4503 1067 4588 argumentique
1090 4505 1232 4569 universi

982 4615 997 4662 3
1006 4607 1020 4639 *
