3048 5140
304 337 384 415 '314
752 369 800 415 Du
825 373 911 416 rann
931 373 1034 416 marn

317 533 387 576 esse
411 515 698 577 commemoratum
722 512 930 595 coniecimus,
957 513 990 577 id
1015 513 1099 597 quod
1128 511 1374 596 simplicissime
1396 511 1464 576 fieri

270 633 304 674 lv
319 617 380 683 hoc
394 618 543 702 exemplo
557 619 678 703 potuit:
702 617 750 684 ‘is
772 618 861 684 horae
884 621 979 684 idem
997 621 1195 702 compositum
1209 619 1252 700 [et
1264 618 1465 702 emanare

317 729 345 788 ct
360 725 542 806 pheralitcr]
564 725 658 806 facit:
680 726 746 792 nisi
764 727 847 808 qaod
862 723 978 792 Caesar
1001 777 1060 792 ...
1085 725 1188 810 ipsius
1211 725 1340 790 formae
1365 723 1465 788 diver·

317 829 414 894 silete
436 835 609 915 utrumque
631 853 800 897 numerum
820 832 1036 898 discriminari
1058 831 1173 898 iussit'
1217 829 1305 897 Nam
1331 831 1463 916 pluralis

317 936 444 1019 quidem
478 939 530 1002 vix
562 939 671 1022 potuit
698 937 797 1004 aliam
827 939 966 1005 formam
995 937 1163 1005 Charisius
1189 959 1376 1023 proponere
1404 937 1464 1000 nisi

317 1065 398 1127 quae
422 1044 471 1108 illi
495 1066 567 1109 cum
592 1045 750 1130 singulari
773 1047 952 1112 communis
971 1047 1042 1111 fuit.
1079 1045 1184 1123 Quam
1207 1045 1295 1109 enim
1321 1044 1463 1128 petuisse

317 1149 485 1216 censebis?
526 1152 654 1236 quando
686 1152 802 1217 iidem
837 1153 977 1219 formam
1013 1152 1175 1237 posterior
1206 1151 1340 1215 demum
1378 1155 1464 1214 aetas

317 1255 461 1341 admisit,
488 1257 610 1322 eidem
634 1263 742 1324 autern
767 1265 882 1346 suapte
904 1264 1022 1326 natura
1044 1260 1129 1325 nihil
1152 1259 1259 1324 differt
1282 1258 1327 1323 ab
1354 1256 1464 1336 idem,

317 1362 372 1426 sed
396 1363 438 1428 ab
461 1364 522 1430 hoc
546 1366 647 1430 solius
671 1365 849 1450 scripturae
873 1367 1030 1432 varietate
1054 1367 1170 1432 distat:
1193 1368 1237 1448 ut,
1260 1366 1463 1448 utricumque

316 1491 450 1534 numero
480 1468 600 1537 Caesar
631 1473 728 1538 idem
759 1473 898 1538 formam
929 1473 1058 1552 tribuit,
1094 1473 1198 1538 eidem
1230 1472 1335 1538 tacite
1369 1469 1461 1535 etiem

287 1601 290 1606 ·
317 1575 440 1640 eidem
463 1578 628 1643 tribueret.
666 1578 739 1644 Nisi
762 1579 848 1664 quod
871 1579 955 1644 inter
978 1579 1184 1664 trisyllabum
1210 1599 1286 1642 sane
1312 1581 1347 1641 et
1371 1576 1462 1660 disyl-

317 1682 426 1746 labum
459 1683 579 1749 eidem
612 1685 828 1750 certissimum
860 1685 1032 1751 discrimen
1066 1685 1246 1750 intercedit:
1285 1683 1343 1748 sed
1378 1683 1461 1746 cuius

316 1788 407 1853 nulla
434 1812 566 1874 prorsus
590 1791 624 1856 in
648 1789 789 1856 Charisii
818 1792 1006 1858 testimonio
1035 1791 1228 1878 significatio
1257 1790 1326 1854 liat
1375 1787 1461 1852 Vnde

317 1895 380 1961 hoc
402 1919 469 1962 non
491 1919 587 1982 posse
609 1898 675 1964 tale
698 1899 798 1964 fuisse
822 1899 1036 1984 intellegitur:
1066 1899 1099 1962 c‘s
1120 1896 1209 1962 hemo
1233 1898 1329 1961 idem
1352 1916 1461 1976 compe

315 2004 411 2070 sitnm
431 2006 522 2088 sarit,
552 2007 594 2087 [cl
615 2008 648 2070 ci
671 2004 736 2092 (vel
758 2005 789 2091 i)
812 2007 949 2073 lomim
971 2007 1113 2086 cidcmz]
1142 2006 1206 2071 arsi
1228 2005 1312 2086 qaod
1338 2025 1366 2068 e.
1389 2024 1417 2086 q.
1439 2023 1459 2064 s.

316 2107 403 2175 Nam
425 2111 506 2176 haec
529 2111 558 2175 si
581 2112 712 2195 putabis
737 2112 778 2177 ab
802 2113 869 2177 illis
892 2112 997 2196 excipi
1020 2111 1174 2195 petuisse,
1204 2109 1322 2194 quibus
1347 2107 1461 2174 Caesar

316 2220 468 2282 narratur
491 2223 604 2284 contra
623 2218 763 2284 suasisse
783 2218 992 2304 singulariter
1010 2217 1133 2282 dictum
1156 2216 1270 2300 idem,
1292 2215 1459 2301 pluraliter

317 2323 449 2406 isdem,
487 2324 562 2408 quid
596 2325 727 2390 omnino
760 2347 842 2410 epus
875 2329 946 2390 erat
977 2324 1097 2390 iterata
1130 2323 1304 2408 singularis
1339 2319 1459 2388 numeri

317 2431 489 2516 mentione,
512 2453 584 2496 cum
608 2432 688 2496 satis
712 2435 798 2496 esset
820 2431 883 2496 dici
905 2432 969 2497 nisi
990 2432 1071 2514 qaod
1087 2429 1202 2496 Cacsar
1222 2431 1392 2512 pluraliter
1412 2428 1456 2490 is-

316 2541 393 2604 dem
415 2540 577 2605 dicendum
599 2541 761 2622 confirmat
785 2540 848 2603 -?
889 2540 934 2603 At
956 2537 1094 2604 fortasse
1116 2560 1181 2602 nen
1205 2537 1268 2602 hoc
1291 2536 1401 2620 potius
1423 2532 1457 2596 de

317 2644 467 2712 Caesaris
491 2646 626 2711 consilio
651 2644 818 2711 Charisius
842 2645 976 2710 tradidit
999 2666 1096 2729 quam
1118 2643 1197 2708 illud
1216 2644 1301 2728 quod
1327 2644 1455 2708 alteram

317 2755 404 2819 viam
432 2775 530 2837 supra
557 2752 771 2838 significatam
800 2753 953 2817 insistens
980 2748 1198 2834 Nipperdeius
1225 2747 1457 2815 commendavit

317 2883 348 2944 p.
368 2860 442 2944 757,
473 2860 525 2924 cui
553 2859 703 2923 turbatus
731 2859 856 2924 seilicet
883 2881 903 2923 a
928 2857 1073 2923 librariis
1106 2855 1184 2921 ordo
1213 2857 1386 2923 verborum
1414 2853 1455 2917 sic

318 2987 388 3036 esse
415 2964 630 3029 emendandus
663 2965 750 3029 visus
784 2969 846 3029 cst:
885 2965 948 3029 arbi
978 2965 1054 3045 qula
1080 2961 1195 3028 Cacsar
1226 2963 1302 3030 libro
1335 2960 1455 3029 serendo

317 3074 412 3138 idem
434 3069 610 3155 pluraliter,
642 3071 842 3154 amabam
869 3071 984 3136 isdem
1015 3070 1177 3135 abendam
1203 3071 1373 3152 coaptarent.
1415 3063 1455 3129 Ilt

317 3180 366 3245 ita
388 3178 517 3262 quidem
539 3164 707 3243 fatendum
731 3177 888 3244 estnihil
914 3177 954 3242 ad
978 3198 1091 3241 sanam
1114 3177 1275 3243 rationem
1297 3169 1452 3262 cogitandi

318 3284 502 3369 desiderari,
526 3284 563 3370 si,
586 3287 760 3369 postquem
783 3284 939 3369 singulari
966 3305 1099 3349 numero
1122 3283 1220 3349 idem
1246 3281 1452 3369 compositum

317 3392 387 3458 fieri
415 3392 456 3456 ab
484 3391 516 3455 is
544 3391 776 3477 grammaticus
807 3389 903 3473 dixit,
935 3411 1007 3454 eem
1038 3389 1176 3455 formam
1206 3391 1316 3474 potius
1344 3381 1452 3473 plurali

318 3499 489 3566 Caesarem
514 3519 668 3582 servasse,
692 3496 848 3582 singulari
870 3497 1025 3562 tribuisse
1046 3497 1169 3562 isdem
1192 3496 1326 3561 addidit
1366 3487 1452 3558 Etsi

317 3607 401 3673 forte
423 3605 548 3688 mirere,
570 3604 652 3669 illud
675 3625 732 3669 cur
754 3604 885 3669 omnino
909 3625 1025 3687 operae
1047 3604 1187 3688 pretium
1213 3602 1341 3668 duxerit
1363 3599 1449 3665 adno-

317 3718 387 3779 tare
402 3711 579 3795 Charisius,
601 3709 790 3795 responderi
808 3714 917 3795 potest
934 3715 1069 3794 propter
1091 3710 1124 3775 id
1146 3709 1256 3795 ipsum
1277 3709 1400 3786 fecisse,
1420 3703 1451 3766 ut

317 3819 394 3884 hinc
417 3818 457 3883 ad
481 3816 630 3883 Caesaris
652 3821 858 3901 praeceptum
882 3815 1015 3900 dignum
1043 3839 1121 3882 sane
1143 3819 1259 3882 notatu
1282 3813 1450 3899 proficisce-

317 3931 416 3992 retur.
452 3924 542 4010 Ergo
564 3923 598 3989 in
622 3944 690 3989 rem
713 3923 820 4007 ipsam
837 3923 1064 4009 inquirendum
1088 3927 1203 4008 estet,
1226 3944 1303 3988 num
1325 3923 1369 3987 sit
1385 3937 1449 4003 pro·

317 4033 426 4098 babile
450 4030 661 4123 singulariter
689 4030 810 4096 isdem
838 4028 900 4095 dici
923 4027 1095 4096 Caesarem
1119 4030 1261 4114 iussisse,
1285 4025 1448 4114 expenden-

317 4140 402 4204 dum.
448 4137 584 4223 Deque
608 4136 744 4202 nimium
768 4136 906 4202 diximus
937 4158 1008 4202 cum
1032 4137 1079 4202 sia
1103 4137 1180 4203 olim
1203 4135 1411 4202 iudicavimus
1431 4127 1447 4190 l.

318 4269 343 4312 s.
362 4267 386 4310 s.
409 4268 440 4330 p.
460 4245 502 4310 20
526 4245 639 4330 [supra
656 4267 687 4330 p.
708 4245 800 4326 139]:
824 4243 883 4310 ‘ita
901 4243 1030 4329 quidem
1052 4265 1190 4310 novasse
1204 4241 1325 4310 Caesar
1344 4243 1380 4307 de
1398 4255 1446 4302 suc

318 4351 496 4417 credendus
521 4352 576 4435 sit,
600 4353 687 4437 quod
711 4350 866 4418 usitatum
886 4352 952 4418 ullo
972 4345 1118 4437 temporis
1136 4351 1234 4416 lirisse
1253 4337 1446 4436 ignoremus'

319 4457 411 4534 Quod
435 4477 505 4520 earn
528 4457 563 4522 in
585 4463 712 4541 partem
737 4459 843 4524 valere
867 4459 1053 4525 volebamus
1077 4461 1123 4542 ut,
1151 4458 1277 4526 etiamsi
1301 4477 1339 4522 ex
1366 4455 1396 4522 is
1419 4449 1446 4512 el
