3074 5138
159 406 207 452 oe
230 405 490 454 uncurucmoue
515 408 662 468 ovinum
685 408 817 456 nimus
840 407 1113 456 eucoummoen.
1158 391 1222 456 447

87 548 142 610 mis
155 546 231 612 Cois
256 554 543 615 commemoratum
566 549 788 617 eLetronnio.
830 550 881 615 Ad
904 551 989 616 idem
1007 573 1110 638 genus
1133 573 1224 617 uocu-

88 655 176 719 setiri
199 657 365 738 pertinent
387 656 534 722 ΑΚΕΣΙΝ
559 656 590 721 h.
609 679 634 722 e.
656 657 805 735 Ἀκέτιον,
832 657 1081 725 ΑΦΡΟΔΕΙΣΙΝ
1107 658 1223 724 ΕΛΛΑ-
1263 723 1266 735 ,

88 763 149 825 ΔΙΝ
171 760 372 827 ΣΙΒΥΡΤΙΝ.
418 761 523 838 Quid?
552 764 637 848 quod
660 765 864 831 ΑΠΟΛΛΩΝΙ
893 769 926 829 et
949 764 1137 831 ΣΥΜΦΟΡΙ
1162 765 1224 829 for-

89 891 149 932 mas
177 866 211 932 C.
240 868 265 932 Ι.
289 869 376 934 3096
407 871 586 936 rectissime
619 875 655 935 ut
686 871 814 936 videtur
844 870 1024 937 Boeckhius
1058 872 1223 937 vocatives

88 975 311 1058 interpretatus
335 982 386 1042 est
407 977 471 1042 vol.
490 977 524 1042 Π
546 1000 578 1060 p.
592 978 665 1042 682.
706 977 766 1041 His
796 977 903 1042 neutri
931 979 1059 1063 generis
1091 978 1224 1042 nomina

90 1081 261 1166 succedant,
280 1083 347 1147 sive
367 1107 405 1148 ee
424 1087 500 1148 sunt
518 1083 688 1148 mulierum
707 1087 744 1148 ut
763 1084 987 1150 ΕΛΕΥΘΕΡΙΝ
1014 1083 1251 1149 ΚΑΛΛΙΣΤΙΝι

89 1190 312 1268 ΦΙΛΗΜΑῘΙΝ,
346 1190 516 1256 ΖΩΕΑΡΙΝ
546 1187 581 1254 O.
608 1189 633 1254 Ι.
664 1190 764 1272 2410,
800 1191 977 1256 ΑΡΤΕΜΙΝ
1008 1189 1095 1254 2729
1124 1187 1222 1275 (quod

90 1297 263 1380 exemplum
286 1297 348 1361 etsi
370 1297 529 1362 incertum
552 1299 614 1380 est,
642 1299 751 1360 temen
775 1294 812 1360 de
836 1295 999 1376 Ἀρτέμιον
1022 1296 1224 1361 nominativo

90 1402 219 1467 dubitari
242 1423 310 1467 non
332 1403 455 1488 petitur
477 1426 508 1468 n.
528 1401 620 1489 695):
644 1403 712 1467 sive
735 1402 864 1467 urbium
887 1406 923 1466 ut
947 1402 1223 1469 emoriturum

90 1509 163 1592 apud
184 1509 389 1574 Richterum:
418 1507 487 1572 sive
515 1508 577 1572 viri
601 1512 637 1572 ut
659 1507 894 1574 ΣῘΡΟΥΘΕΙΝ
919 1531 939 1572 a
961 1506 1138 1572 Letronnio
1161 1507 1224 1572 dis-

89 1621 239 1700 ceptatum
270 1615 302 1680 h.
326 1637 352 1680 e.
376 1615 570 1693 Στρούθειον
602 1615 711 1698 potius
739 1636 836 1700 quem
864 1615 1055 1697 Στρούθιον,
1086 1636 1224 1700 quocum

90 1723 219 1787 conterre
252 1723 330 1787 licet
362 1723 560 1787 ΑΘΗΝΑΕΙ(
598 1721 696 1786 semel
729 1721 885 1804 scriptum
918 1718 953 1786 C.
980 1720 1003 1785 l.
1033 1722 1111 1805 623,
1144 1721 1223 1786 item

92 1830 250 1896 ΝΟΝΝΕΙ(
283 1833 316 1894 et
344 1829 446 1894 ΓΑΕΙ(
477 1850 613 1912 qourum
640 1828 725 1892 infra
752 1828 873 1894 mentio
900 1829 969 1892 fiet:
1007 1850 1063 1893 seu
1087 1829 1224 1912 denique

91 1937 350 2018 appellativorum
373 1941 410 1999 ut
425 1935 627 2001 ΜΑΡΤΥΡΙΝ
653 1935 798 2001 (ΤΑΔΙΝ
819 1957 877 2018 pro
897 1935 1069 2015 μαρτύριον
1087 1935 1223 2012 (τάδιον,

92 2040 157 2106 item
174 2066 232 2126 pro
252 2042 382 2107 παιδίον
404 2042 531 2106 ΠΕΔΙΝ
557 2041 642 2125 apud
661 2040 828 2106 Osannum
846 2064 877 2126 p.
891 2042 967 2125 456,
988 2043 1117 2107 ΠΑΔΙΝ
1140 2039 1224 2124 epod

93 2146 277 2214 Bueclrhium
301 2172 332 2213 n
351 2147 447 2213 2890.

168 2255 291 2322 Verum
315 2257 354 2322 de
373 2279 407 2320 re
426 2278 499 2322 cum
518 2259 598 2323 setis
617 2262 789 2342 constaret,
807 2262 916 2323 temen
936 2256 1171 2322 diversissimas
1190 2255 1225 2320 in

93 2369 185 2445 partes
208 2366 293 2429 itum
318 2368 368 2428 est
396 2363 434 2428 de
458 2369 565 2430 aetate
590 2369 686 2450 etque
714 2365 874 2450 dignitate
902 2365 1014 2429 talium
1039 2364 1225 2428 formarum.

95 2467 262 2537 Senescenti
292 2494 347 2536 eas
370 2472 549 2538 Graeciteti
576 2475 626 2538 vel
654 2473 825 2538 herberiae
852 2472 1072 2537 hellenisticne
1100 2469 1224 2554 Byzan·

94 2576 201 2643 ducere
234 2601 309 2643 cum
336 2577 502 2645 Boeekhio
531 2579 642 2665 (vol.I
670 2601 699 2662 p.
718 2577 800 2665 475)
832 2578 1019 2642 Welckcrus
1051 2575 1224 2641 Richterus
1331 2567 1360 2672 ι’

97 2681 234 2750 Francius
258 2686 460 2768 tribuebant,
493 2687 623 2770 eiusque
652 2685 760 2750 iudicii
792 2707 857 2750 non
885 2706 956 2749 eum
984 2685 1112 2749 tentum
1135 2703 1224 2747 uuus·

97 2811 151 2854 sun
171 2791 356 2856 habuerunt
378 2793 462 2876 quod
486 2791 617 2857 illorum
644 2792 813 2857 titulorum
838 2813 951 2875 reapse
973 2791 1081 2855 nullus
1105 2788 1222 2853 vetust‘

97 2899 234 2981 temporis
269 2903 332 2980 est,
365 2897 460 2962 multi
489 2897 619 2962 infimae
652 2897 820 2982 aetatis*),
853 2897 908 2962 sed
940 2896 1101 2980 potiorem
1132 2895 1225 2980 hane

97 3004 166 3086 quod
187 3005 381 3071 recentiores
405 3007 502 3088 atque
526 3003 606 3069 adeo
627 3003 800 3068 hodiernos
819 3001 959 3068 Graecos
983 3008 1113 3080 constat
1134 3025 1224 3087 pror-

97 3131 140 3174 sus
165 3111 202 3176 de
229 3091 461 3176 consuetudine
485 3111 533 3173 ῶῐ
564 3114 596 3174 et
617 3114 670 3174 ὧν
699 3106 857 3194 syllabas,
889 3131 926 3174 ae
958 3114 1088 3194 praeter
1117 3115 1225 3176 cetere

98 3221 154 3290 ριοῐ
177 3223 262 3302 piot,
293 3217 327 3281 in
349 3221 377 3280 sc
401 3222 433 3282 et
458 3220 488 3281 ιν
516 3216 722 3300 contrahere,
758 3219 795 3281 ut
823 3215 1014 3296 Ἰανουάριοτ
1044 3217 1224 3297 Ἰανουάριι,

98 3321 236 3402 ποδάριον
267 3323 403 3403 ποδάριν
431 3320 528 3408 (uude
556 3345 665 3387 rursus
689 3322 806 3402 ποδάρι
833 3322 955 3406 prodiit
981 3325 1142 3390 communi
1165 3347 1224 3388 usu

98 3445 167 3492 nuuc
192 3426 383 3514 receptum):
416 3428 502 3514 quod
530 3449 630 3513 genus
663 3429 883 3512 exemplorum
915 3428 1122 3495 multitudiue
1152 3435 1226 3514 post

99 3528 284 3620 ducangium
312 3557 384 3600 cum
413 3532 533 3600 Corees
565 3533 753 3600 inlustravit
783 3535 854 3599 adn.
882 3533 916 3598 in
943 3533 1104 3601 Heraclid.
1132 3536 1225 3603 Pont.

99 3657 123 3718 ρ.
138 3639 205 3724 353,
225 3642 304 3705 item
328 3639 487 3706 Ἀνάκτων
510 3639 526 3704 Ι
549 3663 579 3723 ρ.
598 3640 640 3704 47
665 3644 698 3704 et
719 3641 792 3723 310,
815 3644 884 3704 tum
909 3662 1012 3724 nuper
1029 3639 1224 3708 Mullechius

101 3741 126 3806 iu
141 3744 290 3812 Demetrii
308 3746 385 3812 chi
404 3745 556 3831 perephr.
576 3745 780 3812 Batrachum.
799 3770 828 3831 p.
843 3747 887 3812 55
908 3751 940 3812 et
958 3745 992 3811 in
1011 3750 1224 3831 grammatica

101 3848 212 3934 liuguae
241 3852 295 3918 Gr.
322 3853 407 3937 vulg.
439 3875 471 3936 p.
496 3853 559 3918 173
584 3875 629 3936 sq.
663 3855 763 3933 [nune
793 3852 976 3939 Deffnerus‚
1009 3857 1225 3937 Νεοελληνικὰ

104 3989 296 4006 Ἢ

174 4063 197 4130 ')
216 4063 345 4120 Consulto
364 4080 448 4134 supra
466 4062 570 4118 multos
587 4081 683 4120 eorum
703 4063 784 4120 omisi
799 4081 867 4134 quos
882 4064 1054 4121 Christianos
1073 4080 1133 4122 esse
1148 4071 1224 4125 certo

103 4151 203 4218 cuusmt,
222 4151 349 4222 Corporis
364 4154 384 4207 1.
399 4153 431 4208 G.
451 4152 593 4208 volumine
612 4153 649 4206 IV
670 4154 812 4221 collectos,
831 4158 863 4208 ut
881 4173 908 4224 p.
923 4160 975 4209 309
994 4155 1121 4210 ΑΠΟΨΙ(
1140 4158 1225 4212 ΑΠΟ-

103 4234 177 4291 unu
194 4241 340 4294 ΤΟΠΑΡΙΝ
364 4242 575 4296 ΧΡΥΕΕΛΑΔΙΝ
599 4243 755 4312 ΦΟΙΝΙΚΙΝ,
779 4244 847 4298 item
867 4244 1004 4298 ΤΑΡΑΕΙ(
1027 4262 1054 4298 n.
1069 4251 1148 4314 9959,
1172 4248 1224 4302 Α(-

104 4322 208 4383 tuum(
225 4334 303 4396 9988,
329 4331 576 4396 meretricetur,
607 4333 784 4387 seponto(
804 4338 882 4402 9589,
911 4333 1127 4389 ΧΑΛΚΗΔΟΝΙ(
1146 4341 1225 4406 9597,

105 4410 248 4554 pgpnuuc
267 4424 345 4484 cccv,
364 4419 494 4474 erzeeu
510 4405 589 4486 esic,
608 4422 782 4475 ΔΗΜΗτΡιε
797 4429 874 4478 cers.
891 4428 970 4486 erre,
988 4420 1129 4478 ΠεΛΑτι(
1145 4431 1238 4495 usuc,-

156 4504 241 4560 τονιι
259 4512 335 4562 suro.
