3080 5142
458 389 741 440 sverueunnrvu
765 393 813 438 111.
1143 375 1208 442 535

83 537 170 600 dicam
193 535 345 619 analogia
367 535 435 598 sive
459 535 612 617 reprobet
634 535 702 598 sive
726 533 920 600 dissuadeat.
966 535 1053 611 Quid
1075 537 1207 601 autem?

84 643 155 706 intra
177 641 273 704 trium
295 641 396 705 ferme
420 641 620 706 saeculorum
640 641 810 706 decursum
834 664 939 707 nonne
963 663 983 705 a
1001 640 1206 707 Graecanicis

84 749 114 811 ad
132 749 250 830 patrios
278 747 355 811 deos
383 745 441 810 alii
469 769 596 831 quoqne
628 747 710 811 ritus
738 747 901 832 peregrini
929 745 1080 813 tranblati
1109 748 1207 812 sunt?

84 877 115 918 an
130 854 320 919 lectisternia
338 857 372 918 et
385 853 637 938 supplicationes
654 853 742 918 domi
760 854 831 917 nati
850 853 932 918 ritus
951 854 1102 919 fuerunt?
1126 876 1207 938 quae

83 965 173 1024 lamen
195 981 312 1045 genera
335 963 464 1044 constat
486 959 656 1042 paullatim
680 960 714 1024 in
737 982 940 1025 communem
964 961 1087 1025 cultum
1107 962 1206 1026 etiam
1324 951 1328 958 ’

84 1065 291 1150 ‘propriorum'
319 1066 451 1132 deorum
475 1066 695 1132 Romanorum
725 1065 860 1131 abiisse:
888 1067 927 1131 de
951 1089 1014 1150 quo
1038 1066 1109 1130 vide
1133 1087 1206 1132 eun-

83 1173 140 1236 dem
161 1171 404 1257 Marquardtum
428 1171 648 1255 disputantem
669 1172 690 1235 l.
709 1193 734 1235 s.
754 1194 779 1236 s.
801 1193 832 1254 p.
851 1173 894 1237 52
915 1194 983 1256 sqq.
1023 1171 1113 1248 Quae
1135 1172 1205 1256 qui-

83 1279 139 1342 dem
167 1279 364 1344 mutationes
397 1299 454 1362 per
481 1300 563 1362 quae
592 1283 626 1341 et
651 1282 835 1361 temporum
863 1278 1038 1342 intervalla
1065 1281 1098 1342 et
1124 1299 1204 1362 quas

83 1405 170 1448 rerum
196 1385 373 1451 varietates
401 1385 573 1468 creverint,
602 1387 671 1448 tam
698 1385 732 1450 iu
760 1385 897 1449 obscuro
926 1388 977 1448 est
1003 1388 1040 1448 ut
1066 1407 1133 1449 non
1160 1384 1205 1448 sit

84 1490 244 1556 mirandum
268 1492 307 1556 de
330 1514 364 1556 re
387 1491 522 1556 minoris
541 1491 698 1555 momenti
722 1495 855 1576 atquae
878 1492 976 1556 latius
998 1490 1117 1556 diffusa
1136 1491 1204 1555 lon-

84 1616 167 1680 geque
188 1601 302 1681 patens
324 1598 464 1663 fortasse
486 1619 663 1681 numquam
687 1597 760 1681 fuit,
783 1598 838 1662 sed
857 1597 978 1683 privati
997 1596 1205 1679 potissimum

85 1725 144 1766 usus
165 1704 337 1770 artioribus
360 1705 478 1768 finibus
500 1703 758 1786 circumscripta,
780 1702 886 1787 qualis
910 1705 960 1768 est
982 1703 1096 1768 ieiunii
1115 1703 1205 1786 ritrrs,

84 1809 148 1874 nihil
168 1811 339 1876 admodum
362 1834 381 1876 a
405 1811 617 1894 scriptoribus
640 1811 804 1893 proditum
828 1831 898 1874 esse
921 1809 1104 1874 memoriae.

153 1915 198 1980 De
225 1917 278 1981 his
305 1917 407 2002 igitur
429 1917 687 1982 dubitationibus
715 1939 780 1981 non
803 1916 987 2002 cogitabam
1011 1937 1083 1980 oum
1107 1937 1205 1999 supra

85 2019 207 2087 dicebam
234 2023 386 2088 lamellae
413 2023 625 2088 Bononiensis
656 2024 916 2108 supplementum
944 2022 1204 2107 Garruccianum,

85 2127 150 2206 quod
170 2133 217 2193 est
238 2130 305 2194 tale
492 2183 501 2200 .

339 2269 870 2336 1vNONIc-t0vc1NA1

341 2394 488 2460 DIOVlS
504 2432 510 2446 ·
526 2393 696 2461 CASTVD
712 2430 719 2443 ·
733 2393 922 2460 FACITVD

86 2571 134 2615 uon
152 2557 267 2620 nemini
290 2579 356 2622 nou
379 2557 544 2622 m'irationi
565 2560 705 2638 tantum,
729 2555 785 2620 sed
804 2555 974 2619 offensioni
993 2555 1105 2618 fuisse:
1129 2576 1202 2639 pos-

86 2677 138 2720 sum
158 2659 269 2726 addere
292 2667 327 2726 ct
349 2661 531 2746 suspitioni.
567 2661 653 2726 Nam
676 2661 821 2745 profecto
841 2661 942 2740 multo
962 2662 1061 2725 etiam
1080 2660 1202 2725 maiore

86 2761 240 2851 intervallo,
263 2791 360 2852 quam
381 2767 529 2834 aOerere
547 2766 629 2832 Iuno
643 2767 774 2851 Lucina,
798 2767 839 2830 ab
859 2767 970 2830 cadem
993 2767 1095 2850 ipsius
1114 2766 1201 2831 Iovis

86 2889 179 2936 numen
207 2875 330 2939 distare
362 2876 531 2940 videbitur.
585 2873 678 2939 Nihil
711 2874 826 2938 saltem
859 2873 899 2936 ad
931 2873 1087 2938 ieiunium
1114 2872 1201 2936 Iovis

87 2977 257 3056 probandum
281 2980 412 3046 Horatii
435 2981 542 3046 verbis
565 2980 685 3044 efficies
710 2980 810 3044 Serm.
833 2979 881 3062 II,
903 2981 933 3062 3,
952 2980 1030 3043 291:
1059 2978 1199 3064 ‘Iuppi-

88 3085 130 3144 ler
148 3135 154 3146 .
171 3133 201 3150 ..
223 3087 281 3154 illo
305 3109 399 3152 mane
422 3088 486 3169 die,
516 3109 589 3171 quo
616 3091 657 3151 tu
680 3085 823 3151 indicis
851 3085 1013 3165 ieiunia,
1040 3087 1144 3152 nudus
1167 3087 1201 3150 in

87 3183 173 3254 liberi
193 3192 314 3260 subit?
362 3193 451 3269 Quae
475 3191 541 3256 sive
565 3191 606 3256 ad
628 3191 821 3256 Iudaeorum
845 3191 956 3257 Iovem
984 3191 1104 3256 referes
1128 3215 1200 3257 cum

87 3294 263 3366 multitudine
292 3301 523 3383 interpretum,
552 3298 620 3364 sive
643 3301 790 3382 spectare
814 3297 854 3362 ad
877 3297 1077 3382 Aegyptium
1101 3298 1200 3362 ritum

88 3401 201 3488 putabis,
222 3406 307 3491 quod
331 3405 518 3488 habetque
542 3403 782 3468 commendetur
805 3406 934 3488 praeter
952 3410 1072 3487 cetera,
1095 3407 1129 3466 at
1147 3404 1201 3467 vix

87 3503 142 3570 ullis
162 3513 313 3578 machinis
336 3512 376 3576 de
394 3511 614 3576 Romanorum
633 3508 711 3574 Iove
726 3507 910 3593 Capitolino
932 3531 1002 3574 esse
1021 3509 1107 3574 dicta
1130 3529 1199 3592 per-

88 3615 217 3684 suadebis.
251 3620 383 3684 Novum
406 3622 456 3682 est
478 3617 579 3702 igitur
601 3620 635 3680 et
658 3617 839 3681 solitarium
862 3638 922 3680 nec
944 3615 1112 3680 commodo
1132 3617 1199 3681 vin·

88 3717 141 3782 culo
161 3745 226 3789 cum
249 3726 350 3790 simili
373 3745 491 3810 genere
510 3724 730 3806 coniunctum,
753 3723 839 3808 quod
858 3722 1086 3787 addiscendum
1105 3723 1200 3786 nobis

89 3821 120 3886 Sit
138 3849 169 3892 er
189 3831 330 3898 incertae
353 3831 491 3915 originis
515 3830 738 3914 supplemento
762 3828 987 3894 Ganucciano.
1025 3827 1109 3893 Sane
1132 3829 1199 3912 qui·

88 3925 141 3993 lem
159 3939 349 4016 γηράεκομεν
372 3939 433 4002 αἰεὶ
457 3937 564 4002 πολλὰ
587 3936 819 4018 διδαεκόμενοι,
846 3956 905 3999 nee
932 3957 970 3999 ea
993 3934 1199 4019 potissimum

88 4051 144 4111 lars
164 4044 360 4130 antiquitatis
379 4043 553 4126 Romanae,
576 4065 658 4126 quae
682 4043 723 4107 ad
745 4042 919 4126 religiones
944 4047 977 4105 et
998 4041 1047 4106 ius
1072 4063 1199 4106 sacrum

90 4145 212 4233 necnee,
238 4173 303 4216 non
325 4151 488 4233 permulta
510 4150 611 4214 habet
634 4150 685 4215 vel
708 4149 845 4214 obseura
872 4147 966 4212 nobis
990 4148 1040 4211 vel
1064 4148 1199 4231 occulta,

89 4263 195 4323 luorum
216 4259 265 4323 rel
288 4262 417 4341 praeter
440 4257 713 4339 exspectationem
737 4255 846 4339 aliquo
869 4254 1018 4318 fortunae
1044 4254 1292 4319 beneficiosum

90 4359 352 4440 perspiciendorum
381 4385 454 4446 spes
483 4363 539 4427 sit:
568 4363 623 4426 sed
651 4385 689 4427 eo
717 4367 828 4427 tamen
850 4359 1005 4426 intentius
1028 4359 1106 4424 illuc
1129 4381 1199 4424 esse

90 4453 305 4536 bernhardum
330 4473 474 4553 apparet,
497 4472 647 4553 utquam
666 4469 736 4533 fieri
754 4468 860 4552 possit
878 4466 1059 4532 certissime
1079 4467 1119 4531 de
1137 4467 1199 4532 fide
