2948 5048
466 154 613 201 1111111
637 152 844 199 annuamus.
1161 131 1223 194 173

74 311 135 378 ubi
156 315 237 380 haec
260 315 433 400 ignoret.*)
458 313 558 378 (iuius
582 315 710 399 generis
733 314 807 377 inde
831 314 871 376 ab
891 309 1127 394 antiquissimis
1146 312 1225 373 tem-

66 421 211 509 poribus
241 422 390 505 exempla
422 424 612 506 suppetunt:
644 418 823 484 DEDROT
856 423 889 483 et
916 416 1064 482 DEDRO
1091 437 1150 500 pro
1177 417 1225 479 dc-

65 524 188 595 derunt
223 528 259 592 in
290 527 555 610 Pisaurensibus,
592 527 712 590 ibidem
750 524 894 590 LEBlttl
926 548 984 607 pro
1016 523 1139 606 Libero,
1175 524 1226 587 cui

59 633 255 702 finitimum
279 639 329 698 est
359 633 532 698 chBllElS
560 631 714 697 SOVEIS
743 635 777 697 in
800 633 930 696 Lucano
953 631 1050 694 titulo
1078 630 1102 694 Ι.
1125 629 1163 694 R.
1186 628 1226 695 N.

52 733 149 808 299
178 739 227 820 [C.
255 739 279 804 I.
311 740 345 803 L.
372 739 389 803 I
417 763 447 804 11.
482 741 581 824 1258;
617 739 652 803 P.
680 738 714 803 L.
741 738 784 802 M.
812 738 850 802 Ε.
878 738 944 801 tab.
974 736 1048 800 LIX
1066 738 1131 819 NJ,
1165 735 1226 799 VI-

50 841 227 912 CESMA
256 847 290 910 in
313 847 407 911 valde
431 846 634 911 memorabili
664 846 721 910 illa
743 845 841 908 Orell.
868 845 952 907 1433
977 842 1025 923 [c.
1048 843 1072 907 I.
1100 844 1134 908 L.
1157 843 1172 905 I
1196 866 1226 906 n.

48 952 159 1036 1873
182 954 216 1019 Ρ.
239 953 275 1018 L.
299 952 342 1017 M.
365 954 402 1018 Ε.
426 955 491 1019 tab.
515 954 548 1017 H
562 955 620 1036 B],
642 951 860 1016 TVRPLEIO
879 953 913 1014 in
933 951 1103 1015 Furiorum
1122 952 1226 1034 sepul·

42 1080 143 1142 cro,
167 1058 318 1126 LIONIA
342 1060 383 1124 ad
410 1060 659 1125 similitudinem
682 1059 806 1124 Tuscae
839 1057 983 1123 ΕΕΟΝΕ
1012 1058 1136 1122 formae
1164 1055 1226 1142 (to-

40 1166 208 1250 tiusque
237 1167 369 1231 omnino
402 1166 534 1250 linguae
562 1165 699 1250 Tuscae)
730 1166 765 1230 in
798 1164 997 1229 columbario
1031 1163 1227 1228 Somascano

41 1270 116 1353 [G.
152 1273 182 1339 I.
210 1274 246 1338 L.
274 1274 290 1339 I
318 1297 349 1338 n.
378 1274 461 1357 8923
492 1271 528 1337 P.
556 1272 591 1337 L.
619 1271 663 1334 M.
694 1273 733 1336 Ε.
756 1273 821 1337 tab.
850 1270 909 1336 XV
933 1292 964 1334 11.
996 1272 1074 1354 m,
1105 1269 1226 1334 FOST·

39 1376 160 1443 LVS
181 1381 215 1444 in
233 1380 368 1445 denario
387 1381 494 1464 gentis
512 1379 687 1463 Pompeiae
707 1379 792 1462 apud
810 1378 1002 1442 Eckhelium
1022 1377 1064 1460 II,
1083 1377 1147 1460 5p.
1163 1378 1227 1441 280

41 1482 265 1552 Rieciumve
283 1509 314 1570 p.
337 1487 409 1570 179,
427 1486 506 1550 item
524 1486 555 1550 N
558 1484 698 1551 VMSius
716 1483 874 1549 OFDIVS
893 1485 1026 1548 nomina
1044 1484 1079 1547 in
1097 1483 1121 1547 I.
1135 1484 1172 1548 R.
1187 1484 1227 1547 N.

45 1586 191 1656 titulis
221 1593 451 1657 Beneventano
485 1592 569 1656 1685
600 1592 868 1676 Amiterninoque
892 1591 979 1654 5765
1009 1589 1057 1669 [C.
1088 1591 1113 1655 1.
1145 1591 1179 1655 L.
1211 1590 1228 1654 I

49 1715 88 1759 n.
132 1699 244 1783 1287,
278 1699 313 1763 P.
341 1698 377 1762 L.
402 1697 446 1761 M.
473 1699 511 1762 Ε.
541 1700 606 1762 tab.
634 1698 740 1762 XLIX
763 1699 798 1762 F
800 1701 821 1778 ].
868 1697 973 1774 Quid?
1006 1698 1092 1781 quod
1119 1698 1228 1782 singu·

55 1799 132 1863 lari
173 1827 250 1870 sane
280 1805 427 1888 exemplo
456 1803 566 1869 ΕΕΟΤ
595 1805 749 1888 scriptum
785 1809 835 1869 est
862 1828 920 1888 pro
954 1806 1028 1885 secat
1058 1805 1092 1867 in
1121 1808 1229 1870 statua

58 1899 295 1975 Kireheriana
322 1915 405 1975 teste
435 1910 553 1974 Ottone
581 1909 696 1975 lahnio
726 1912 766 1976 de
790 1911 872 1976 cista
895 1912 1042 1978 Ficoron.
1065 1935 1095 1995 p.
1120 1912 1227 1998 61.**)

66 2005 171 2081 Quae
199 2022 290 2081 vetus
324 2017 521 2082 consuetudo
554 2017 709 2100 quaedam
744 2019 794 2083 sui
822 2020 962 2104 vestigia
995 2020 1092 2083 etiam
1121 2023 1228 2102 poste·
1306 2050 1310 2057 ·

74 2114 169 2184 tiore
194 2128 300 2188 aetate
323 2124 471 2207 reliquit,
499 2127 536 2188 ut
558 2123 743 2189 TABLIIIS
767 2129 800 2189 et
822 2125 961 2189 IVGRA
984 2125 1018 2188 in
1041 2126 1112 2210 lege
1136 2147 1228 2210 agra·

79 2220 149 2308 tia,
181 2230 297 2314 hisque
328 2251 461 2313 prorsus
493 2228 613 2293 similia
646 2231 802 2314 quaedam
834 2231 867 2294 in
899 2233 1132 2296 recentioribus
1163 2255 1228 2297 non

84 2331 178 2399 unius
205 2336 333 2401 saeculi.
379 2333 530 2400 Ceterum
559 2357 618 2400 nec
646 2338 738 2420 paria
768 2360 898 2421 prorsus
922 2360 981 2402 nec
1004 2360 1136 2422 prorsus
1161 2339 1262 2404 dis-x

93 2441 179 2515 paria
207 2447 281 2507 sunt
312 2444 348 2506 in
380 2440 439 2508 SC.
471 2442 510 2506 de
539 2441 757 2508 Bacanalibus
790 2445 898 2527 posita
931 2443 1229 2531 SENATORBVS,

97 2541 155 2609 nisi
178 2550 237 2615 hoc
263 2555 432 2634 peccatum
461 2553 511 2614 est
539 2572 559 2614 a
586 2551 762 2636 scalptore,
790 2556 823 2616 et
848 2550 1094 2624 OINVORSEI.
1140 2551 1230 2617 Haec

104 2645 188 2730 igitur
209 2680 280 2721 cum
304 2658 352 2722 ita
372 2657 446 2739 rint,
469 2657 576 2739 potuit
595 2658 694 2721 etiam
714 2658 754 2723 ab
775 2681 813 2722 ea
830 2659 937 2723 radice
956 2680 1036 2742 quae
1056 2661 1105 2722 est
1123 2658 1229 2724 VlNu

108 2755 180 2834 prim
211 2764 356 2847 asperior
387 2761 586 2828 VINOLOM
622 2763 729 2828 forma
771 2765 840 2828 fieri
877 2765 1058 2848 pariterque
1094 2768 1231 2848 piaclum

106 2865 226 2941 Periclem
244 2870 296 2934 vel
314 2868 442 2934 Herclcs
459 2870 592 2954 formae,
610 2871 804 2955 eaedemque
823 2871 989 2954 aliquanto
1008 2876 1084 2954 post
1102 2874 1230 2938 demum

116 2969 194 3037 uua
218 2975 334 3060 copula
360 2976 467 3040 vocali
495 2975 617 3041 molliri
649 2978 684 3041 in
715 2977 867 3042 vinculum
895 2977 1051 3058 piaculum
1078 2980 1230 3045 Hercules.

112 3068 247 3167 levetque
280 3081 355 3146 huic
384 3082 641 3148 vicissitudinum
674 3085 794 3149 rationi
824 3085 910 3169 quod
941 3084 1014 3168 illa,
1046 3108 1127 3170 quae
1156 3092 1231 3151 sunt

113 3182 220 3252 acum
240 3191 393 3273 periclum
414 3191 539 3272 poclum
567 3213 640 3255 cum
668 3193 831 3276 cognatis,
859 3192 920 3256 hac
947 3192 1094 3256 breviore
1124 3193 1231 3258 forma

112 3291 207 3359 usitata
227 3300 303 3362 sunt
325 3297 411 3381 apud
430 3302 553 3362 veteres
577 3302 691 3381 poetas
714 3299 822 3382 ipsum
841 3298 928 3363 11111
951 3321 1045 3363 usum
1065 3305 1231 3365 servantes

107 3404 136 3466 rt
156 3398 311 3487 Plautum,
334 3403 381 3467 ita
404 3403 534 3487 quidem
556 3407 594 3468 ut
616 3409 744 3488 practer
767 3428 914 3471 normam
936 3409 1065 3471 tantum
1087 3429 1145 3471 nec
1168 3408 1232 3471 nisi

101 3508 187 3576 certis
208 3510 450 3577 condicionibus
474 3512 638 3576 molliores
658 3512 780 3576 formae
801 3512 1057 3577 admitterentur.
1101 3514 1231 3596 Eaeque

95 3615 250 3686 molliores
273 3618 397 3683 formae
426 3618 460 3682 in
484 3618 557 3683 aliis
582 3624 771 3684 manserunt
794 3643 935 3704 semper,
958 3621 1007 3685 ita
1029 3622 1066 3683 ut
1088 3619 1129 3682 ad
1153 3619 1232 3683 anti·

91 3723 184 3814 quius
206 3743 306 3809 genus
330 3725 458 3808 poetica
480 3728 609 3789 tantum
631 3726 764 3790 licentia
788 3726 926 3810 quadam
950 3726 1122 3808 rediretur,
1145 3724 1234 3789 velut

177 3917 203 3985 *)
225 3918 277 3988 [CI.
307 3918 429 3972 ‘Priscae
461 3918 540 3972 latin.
574 3917 661 3988 epigr.
690 3920 826 3990 supplem.
860 3920 885 3972 II
913 3918 997 3987 (infra
1023 3935 1050 3971 n.
1078 3916 1177 3985 XVIII,
1206 3920 1232 3987 2)

80 4034 110 4085 p,
129 4007 169 4062 IX
184 4025 224 4076 sq.
262 4007 292 4063 C.
311 4007 368 4079 W.]
420 4009 422 4015 '

159 4095 201 4164 ⁸⁸)
219 4094 287 4166 [Sed
310 4095 345 4150 cl.
368 4095 456 4150 Murci
482 4096 569 4150 1111111.
594 4096 659 4149 XIV
681 4114 709 4165 p.
728 4102 793 4163 383,
816 4095 881 4149 XVI
903 4113 930 4163 p.
951 4100 1001 4148 609
1021 4093 1104 4162 (infra
1122 4113 1148 4150 n.
1168 4095 1233 4150 XIV

78 4192 113 4247 at
133 4182 238 4252 XVII),
261 4183 348 4238 etiam
366 4183 456 4238 Musei
473 4184 562 4239 Rben.
581 4184 658 4253 XVII
676 4203 703 4253 p.
730 4191 780 4238 145
800 4184 882 4253 (inira
905 4183 942 4237 ad
960 4202 986 4236 n.
1006 4183 1085 4237 XVII
1104 4184 1121 4238 1.
1146 4184 1164 4240 1.
1184 4186 1232 4239 ad·

76 4275 182 4341 11111).
220 4271 248 4328 C.
267 4272 325 4343 W]
