3074 5138
385 415 670 465 OBSERVATIONES
694 417 961 466 aerosnefflcsn.
1178 402 1245 468 445

87 577 187 620 senus
214 556 238 620 l.
267 579 290 622 s.
313 580 337 622 s.
361 559 552 644 disceptavit
574 559 612 623 de
636 560 882 646 magistratibus
901 561 1113 645 dubitatione,
1136 565 1245 627 tamen

88 663 254 746 qnoniam
281 664 409 750 singula
436 666 582 752 nomina,
612 669 639 732 si
668 669 888 753 exemplorum
917 668 1126 734 similitudine
1154 669 1245 733 meti-

87 791 168 854 mur,
192 793 262 836 nec
286 772 352 836 fere
375 772 486 838 XVIII
509 776 693 840 litterarum
717 777 876 842 ambitum
900 798 1061 860 superare,
1083 796 1142 840 nec
1161 775 1245 840 infra

86 898 299 942 novenamm
322 902 491 946 numerum
515 883 691 948 subsistere
713 887 903 968 potuerunt,
926 883 1094 968 probabile
1118 886 1244 947 estnec

86 981 288 1066 pauciorum
316 1009 414 1072 quam
443 989 583 1074 quinque
611 1011 669 1054 nec
698 990 838 1074 plurium
867 1013 962 1074 quam
992 995 1116 1074 septem
1144 989 1245 1054 homi-

86 1111 161 1153 num
186 1092 333 1156 nomina
355 1096 555 1180 praescripta
577 1096 685 1162 fuisse.

566 1331 778 1340 *—

535 1521 810 1590 ADDENDA.

174 1661 347 1748 Pag.vl1
366 1664 459 1729 initio
484 1667 595 1751 [supra
613 1690 643 1751 p.
661 1667 741 1749 432]
766 1668 864 1733 etiam
888 1667 1010 1732 finitius
1029 1665 1092 1730 dici
1116 1670 1246 1750 poterat

88 1790 143 1832 nec
174 1770 312 1833 maiore
350 1769 521 1836 intervallo
556 1795 615 1837 nec
652 1773 718 1838 alia
754 1774 880 1838 ratione
920 1773 961 1838 ab
994 1773 1164 1838 usitatiore
1193 1751 1246 1855 dp

90 1875 190 1959 figura
210 1875 306 1941 hanc
326 1853 359 1936 ὦ
378 1876 507 1961 distare,
522 1899 618 1961 quam
638 1879 940 1964 aquinquagcnarii
958 1879 1086 1944 numeri
1104 1879 1245 1962 pristina

89 1981 190 2046 forma
217 1977 261 2048 ὼ
290 2004 365 2046 eam
388 1987 500 2048 notam
525 2005 622 2067 quam
645 1984 824 2068 lapidarius
845 1985 984 2050 adscivit
1006 1985 1043 2049 l.
1066 2022 1103 2031 —
1129 1983 1244 2050 Paullo

91 2094 161 2154 ante
185 2089 381 2174 disceptata
408 2089 424 2153 I
454 2089 582 2154 litterae
614 2089 699 2154 falsa
732 2090 855 2174 species
883 2111 981 2175 quam
1013 2088 1107 2154 focile
1139 2088 1244 2153 fraudi

91 2217 155 2260 csse
184 2197 317 2280 possit,
349 2195 384 2258 in
413 2196 485 2279 ipso
508 2195 671 2260 Tolosano
703 2196 811 2279 lapide
839 2196 924 2260 inter
952 2193 1183 2262 O·ANTON1
1213 2200 1245 2259 ct

92 2299 466 2367 C·FVndaNI¹umbra
487 2303 545 2366 illa
569 2301 664 2367 docet
689 2323 756 2365 non
780 2301 947 2367 dissimilis
971 2303 1098 2368 litterae
1122 2289 1258 2384 erasae,¹

92 2430 182 2491 quam
215 2431 292 2474 non
328 2409 520 2474 miraremur
552 2430 611 2493 pro
639 2407 656 2472 I
688 2407 836 2474 habitam
870 2411 910 2474 ab
947 2409 1056 2494 aliquo
1081 2403 1245 2495 imperito.

93 2513 175 2590 Quac
199 2516 230 2580 si
255 2513 440 2580 Marinium
462 2537 664 2601 nequaquam
692 2514 823 2597 fefellit,
853 2520 888 2580 at
914 2517 1056 2580 incuriae
1079 2515 1245 2581 cuiusdam

94 2621 300 2688 documentis
329 2622 414 2705 illis,
446 2643 527 2706 quac
551 2645 579 2706 p.
600 2619 631 2685 V
653 2622 720 2685 ima
744 2622 825 2701 [430
844 2625 904 2706 sq.]
934 2623 1115 2706 composui,
1146 2621 1245 2685 etiam

94 2731 328 2812 praetermissa
352 2729 387 2792 in
412 2749 504 2792 versu
529 2729 549 2792 3
572 2727 621 2813 (2)
645 2728 863 2812 interpunctio
887 2728 1018 2794 accedit.
