2948 5048
326 350 547 399 srmlrrnvu
570 349 753 398 nararcvn
777 350 944 398 roneoun
967 350 1118 398 asssvm.
1256 334 1295 397 17

152 515 221 558 esse
241 497 340 577 atque
359 494 439 558 adeo
458 494 543 559 veris
562 492 727 558 contraria
743 497 893 576 posterae
911 492 1169 558 ratiocinationis
1189 514 1297 558 neces-

152 599 232 664 sitas
256 601 393 666 evincat.
425 600 557 665 Etenim
580 622 652 664 cum
675 598 892 664 ratiocinandi
911 598 1039 682 copiam
1058 597 1297 683 meditandique

152 707 255 771 otium
292 708 430 792 deneget
468 707 654 791 plerumque
692 705 792 771 horae
829 709 1028 771 momentum
1060 705 1298 770 transcribendi
1360 701 1363 708 ’

152 815 284 898 negotio
309 837 510 897 concessum,
533 815 571 879 fit
593 817 643 892 ut,
667 813 753 898 quod
772 817 945 896 properata
965 812 1149 877 coniectura
1166 813 1297 878 investi·

152 942 246 1005 gasse
265 921 362 986 nobis
381 905 555 1003 videamur,
577 920 611 984 id
630 923 798 1004 tamquam
822 941 940 1002 reapse
960 918 1115 1003 scriptum
1139 919 1174 983 in
1191 918 1306 1002 lapide

152 1027 375 1110 praeiudicata
404 1028 556 1113 opinione
583 1027 726 1110 deceptis
755 1027 856 1091 oculis
885 1030 917 1091 et
941 1027 1030 1092 velut
1052 1026 1220 1092 fascinatis
1244 1049 1298 1110 ap·
1327 1077 1331 1084 .

153 1139 275 1217 pareat.
312 1134 382 1199 Nec
406 1136 512 1199 minus
536 1134 598 1199 hoc
621 1134 654 1197 in
677 1132 809 1198 illorum
833 1155 935 1219 genus
959 1134 1117 1215 codicum,
1146 1154 1228 1216 quos
1251 1154 1298 1195 re·

153 1242 292 1324 scriptos
311 1241 463 1323 barbare,
487 1240 586 1305 latine
606 1239 772 1305 deleticios
793 1261 958 1322 vocamus,
982 1261 1079 1324 quam
1097 1240 1131 1304 in
1149 1261 1298 1304 corrosos

154 1342 288 1431 lapides
301 1350 396 1414 cadit.
436 1347 481 1412 Et
505 1351 615 1411 tamen
637 1344 720 1410 nihil
747 1347 861 1411 critico
890 1347 1071 1430 molestius,
1098 1345 1299 1430 indagandae

154 1455 284 1518 veritati
306 1453 392 1519 nihil
416 1474 486 1518 esse
508 1453 722 1537 perniciosius
745 1456 856 1537 potest
880 1475 978 1538 quam
1001 1474 1110 1517 earum
1136 1475 1300 1538 rerum,a

154 1561 270 1645 quibus
290 1564 459 1644 tamquam
477 1558 697 1625 fundamentis
717 1559 782 1624 suis
802 1559 967 1624 divinandi
986 1581 1084 1642 opera
1102 1561 1206 1624 omnis
1226 1583 1299 1645 pro·
1312 1590 1347 1631 rv

154 1669 316 1733 licisoatur
335 1669 498 1751 oporteat,
521 1667 572 1731 vel
595 1665 760 1750 ignoratio
778 1665 830 1729 vel
848 1687 915 1730 non
934 1666 1014 1730 satis
1033 1665 1126 1731 finita
1144 1668 1299 1753 cognitio:

154 1775 235 1857 sive,
272 1774 357 1859 quod
389 1795 454 1839 non
489 1773 662 1839 observata
699 1776 776 1837 sunt
808 1795 889 1857 quae
927 1773 1128 1839 observanda
1163 1773 1301 1857 fuerant,

153 1881 289 1946 fluctuat
311 1881 481 1965 iudicium,
506 1880 573 1946 sive
598 1879 697 1965 quod,
720 1901 802 1963 quae
825 1901 892 1944 non
910 1878 1061 1963 videnda,
1085 1880 1156 1944 visa
1175 1885 1301 1947 suntet

154 1987 300 2072 cupidius
333 1987 463 2052 credita.
514 1986 718 2071 Quapropter
749 1987 852 2071 prius,
889 2008 985 2070 quam
1022 1991 1099 2070 post
1136 1992 1300 2070 peractam

154 2094 414 2159 emendationem
443 2094 548 2158 denuo
576 2093 724 2177 inspecto
753 2093 1001 2177 examinatoque
1030 2093 1138 2176 lapide
1167 2094 1301 2179 librove,

153 2223 213 2266 nec
237 2202 313 2285 quid
337 2201 469 2265 tandem
497 2204 530 2265 et
553 2203 710 2285 quantum
737 2201 772 2264 in
793 2200 854 2265 tali
878 2204 1160 2265 monumentorum
1184 2221 1301 2286 genere

154 2308 310 2392 scriptum
338 2309 457 2390 exstet,
489 2328 561 2370 oum
589 2306 699 2389 aliqua
726 2304 922 2370 confidentia
949 2306 1151 2390 exploratum
1180 2307 1302 2392 haberi,

153 2438 212 2481 nec
236 2416 308 2500 ipsa
331 2414 512 2479 emendatio
537 2413 623 2478 credi
647 2416 757 2497 potest
780 2413 923 2496 perfecta
947 2435 1026 2478 esse.

243 2522 288 2587 Et
310 2522 391 2586 haec
418 2521 548 2604 quidem
576 2519 746 2604 praefandi
774 2520 1051 2604 opportunitatem
1080 2517 1301 2585 'memorabilis

154 2629 324 2713 inscriptio
356 2627 506 2712 praebuit
538 2627 786 2712 argumentique
817 2626 952 2691 raritate
982 2624 1169 2711 insignis*),
1205 2647 1302 2709 quam

155 2733 363 2799 felicissimus
392 2734 427 2798 in
455 2733 517 2799 hoo
546 2754 664 2819 genere
691 2733 822 2798 celatum
850 2734 1016 2816 iadopotor
1037 2729 1088 2817 (ut
1111 2756 1184 2798 cum
1206 2738 1303 2820 poeta

153 2839 283 2925 loquar)
296 2841 513 2906 Tflssonoavs
529 2839 766 2905 Momusumvs
790 2838 895 2904 Roma
913 2861 1016 2923 nuper
1031 2838 1185 2905 Bonnam·
1197 2845 1302 2906 trans-

155 2946 247 3010 misit
269 2945 380 3011 Museo
403 2951 515 3013 nostro
539 2946 737 3031 philologico
767 2946 980 3031 inserendam,
1004 2946 1093 3011 cuius
1117 2969 1188 3012 eam
1210 2948 1303 3013 fasci·

154 3054 249 3119 culus
272 3055 394 3138 primus
419 3054 502 3120 sexti
525 3053 697 3119 voluminis
721 3052 854 3118 tenebit.
885 3053 1020 3119 Interim
1042 3057 1152 3119 tamen
1175 3077 1246 3120 eam
1268 3055 1304 3119 in

155 3161 332 3225 menstruis
357 3160 485 3226 schedis
508 3159 653 3224 Instituti
677 3159 928 3245 archaeologici‚
952 3181 1033 3244 quae
1056 3159 1228 3226 Bulletlino
1255 3161 1303 3225 in·

156 3269 298 3352 scriptae
321 3267 444 3333 Romae
467 3266 642 3351 prodeunt,
668 3266 766 3342 huius
795 3266 871 3330 anni
894 3265 1099 3332 fasciculoV
1121 3289 1152 3350 p.
1167 3267 1210 3331 94
1233 3267 1304 3350 ipse

156 3375 337 3457 publicavit
359 3375 471 3439 eodem
494 3394 626 3457 prorsus
650 3372 746 3438 modo
774 3373 900 3437 lacunis
928 3373 1101 3457 suppletis,
1131 3372 1186 3438 sed
1210 3373 1304 3438 etde

155 3480 282 3564 reliquo
315 3485 507 3565 argumento
538 3481 634 3564 longe
664 3478 810 3544 breviore
838 3479 1105 3545 commentariolo
1133 3479 1244 3545 addito
1271 3483 1305 3544 et

156 3587 288 3651 omissis
312 3609 393 3670 quae
417 3588 457 3651 ad
480 3587 599 3671 lapidis
621 3584 848 3652 'condicionem
876 3585 1117 3656 describendam
1140 3585 1305 3669 pertinent

156 3693 319 3758 omnibus.
369 3693 459 3758 Haec
491 3696 600 3758 autem
632 3692 705 3776 ipsa
741 3713 813 3755 cum
845 3695 958 3757 nostra
989 3674 1148 3777 imprimis
1185 3691 1306 3756 referat

155 3819 352 3883 cognoscere
371 3821 468 3883 quam
486 3798 684 3884 plenissime,
701 3819 767 3862 non
782 3798 946 3881 potuimus
964 3819 1030 3863 non
1050 3799 1154 3883 ipsam
1168 3797 1304 3861 Momm-

157 3905 241 3970 senii
264 3926 396 3969 manum
419 3904 511 3970 vobis
536 3908 780 3988 repraesentare
803 3903 1003 3989 lithographi
1030 3909 1100 3969 arte
1123 3904 1158 3968 in
1181 3902 1305 3967 adiecta

156 4010 235 4074 huic
256 4011 422 4093 prooemio
445 4009 615 4094 tabula**)
645 4014 767 4094 quanta
793 4010 863 4074 fieri
891 4010 954 4074 fide
981 4011 1089 4093 potuit
1111 4031 1306 4093 expressam,

230 4185 257 4254 *)
278 4184 331 4255 [cf.
350 4183 506 4240 Mommsen
523 4186 544 4239 1.
565 4186 599 4241 N.
617 4191 694 4251 1137,
720 4185 834 4240 Hersen
853 4184 898 4242 Or.
915 4190 993 4254 5605,
1021 4183 1174 4239 Buecheler
1192 4185 1306 4239 Anthol.

157 4272 305 4345 epigraph.
324 4273 374 4327 las
394 4290 466 4343 spec.
485 4275 498 4327 Ι
518 4272 633 4344 (Gryph.
656 4276 734 4342 1870)
753 4293 780 4327 n.
799 4273 897 4328 XXIX.
935 4273 965 4329 O.
979 4273 1036 4346 W.]

218 4365 261 4431 **)
282 4359 386 4433 [Quam
403 4362 561 4417 iterandam
575 4361 622 4416 hic
635 4362 740 4428 curari,
754 4379 818 4416 cum
832 4364 894 4418 totu
908 4362 1056 4419 ltitschelii
1069 4361 1223 4433 disputatio
1237 4361 1306 4416 ima·
1361 4383 1363 4386 ’

156 4451 225 4523 gine
244 4450 273 4504 in
293 4466 327 4505 ea
345 4450 471 4505 exhibita
488 4451 602 4506 nitatur.
640 4449 669 4505 C.
684 4449 741 4521 W.]

213 4559 255 4593 PR.
270 4558 420 4594 terremur
439 4558 571 4595 OPVEGVLA
590 4559 627 4594 1v.
992 4586 996 4595 .
1095 4557 1111 4603 2
