3074 5138
143 403 185 450 nn
204 401 462 450 naeuiusrroun
487 401 633 463 ovinam
655 397 787 448 aarum
810 399 1085 448 nscounrrroan.
1131 381 1197 446 465

88 543 158 629 llrgo
178 546 219 610 sio
241 545 344 630 potius
373 545 595 629 statuendum,
627 546 669 611 ab
696 566 761 610 uua
793 542 968 628 eademque
996 542 1098 628 stirpe
1125 564 1196 626 pro·

88 673 206 735 gressm
223 653 363 738 linguam
383 653 545 719 arbitratu
564 675 622 718 suo
642 652 886 720 denominativa
903 650 1114 736 progenuisse
1129 649 1196 714 sive
1241 648 1250 654 ’

88 743 220 824 intr—ins
242 759 306 824 sive
329 759 364 824 in
384 745 467 824 fis
491 761 680 844 desinentia,
702 758 846 824 notionis
866 757 994 842 quidem
1013 757 1197 823 discrimine

87 864 157 929 uullo
180 867 232 928 aut
256 887 355 949 prope
382 864 482 930 nullo.
532 864 605 944 Nisi
637 864 722 948 quod
744 868 855 929 tamen
878 863 943 928 alia
966 865 1123 949 quaedam
1147 887 1196 930 ar-

87 971 259 1052 gumentatio
282 971 420 1056 secedit,
442 971 475 1036 in
501 993 599 1056 quam
616 971 703 1036 inira
725 970 846 1035 incidet
869 971 983 1036 oratio.

156 1077 251 1162 Atque
274 1078 352 1144 haee
375 1078 506 1163 quidem
528 1100 596 1143 non
619 1077 739 1144 oblitus
763 1099 865 1160 eram,
889 1077 944 1142 sed
967 1077 1072 1143 sciens
1091 1077 1196 1142 omisi.

88 1181 216 1248 Omittere
247 1187 353 1249 autem
384 1206 451 1250 non
484 1183 641 1250 debebam
672 1187 801 1268 praeter
833 1183 935 1250 alius
966 1182 1004 1254 in
1032 1184 1196 1249 latinitate

88 1289 176 1354 relicta
196 1291 333 1356 eiusdem
353 1291 661 1356 declinationisduo
682 1291 747 1355 alia
765 1291 926 1375 exempla:
950 1313 1087 1376 quorum
1105 1292 1196 1376 prius

88 1398 125 1457 est
146 1395 229 1462 dius.
271 1395 340 1462 Neo
368 1397 468 1480 enim,
496 1419 568 1462 eum
591 1397 709 1480 plurali
732 1419 865 1462 numero
890 1396 928 1460 di
959 1401 992 1460 et
1018 1397 1076 1461 dis
1102 1397 1197 1461 deeli-

87 1507 175 1566 natum
196 1507 255 1587 eet,
279 1502 315 1568 hi
343 1505 472 1588 quidem
502 1527 595 1570 casus
623 1507 797 1588 potuerunt
825 1503 958 1568 adeus
982 1504 1068 1587 duoi,
1099 1504 1156 1569 sed
1179 1523 1237 1568 era

88 1604 151 1670 dius
171 1615 349 1694 manarunt,
372 1611 424 1675 vel
447 1614 484 1674 ut
506 1633 591 1676 nuno
615 1611 714 1676 etiam
733 1612 851 1675 reetius
875 1610 993 1694 dicam,
1019 1632 1036 1674 e
1060 1609 1117 1676 dis
1142 1633 1197 1676 uo·

87 1713 214 1781 uimtiro
237 1716 323 1782 dius
349 1715 475 1783 formae
500 1719 610 1783 eadem
634 1717 762 1782 ratione
783 1717 905 1782 vicario
930 1739 995 1802 qua
1017 1717 1119 1782 alius
1146 1717 1198 1783 vel

87 1815 216 1887 (llodius
238 1824 358 1889 formas
382 1827 524 1909 aequant
546 1824 620 1888 alis
649 1827 682 1887 et
706 1821 847 1888 Clodis.
892 1821 938 1886 Et
959 1822 1045 1888 dius
1069 1825 1198 1910 quidem

87 1922 195 1992 sormam
222 1931 300 1995 setis
328 1933 469 1994 testetur
497 1929 582 1995 dius
609 1930 748 1995 fidius:
781 1929 908 2015 quando
936 1929 1106 2014 prosodiae
1134 1929 1197 1995 dis·

88 2036 234 2120 crepantia,
256 2038 296 2102 de
319 2033 384 2122 qna
397 2035 626 2102 Lachmannus
650 2037 820 2104 admonuit
843 2038 877 2101 in
900 2036 994 2102 Lucr.
1016 2059 1047 2120 p.
1066 2037 1140 2120 227,
1163 2037 1197 2100 in

87 2141 137 2202 laur
156 2145 281 2208 vetustis
305 2143 390 2209 nihil
415 2145 586 2229 quiequam
610 2148 724 2209 eontra
747 2145 848 2209 valet:
877 2143 936 2208 dis
965 2145 1073 2210 autem
1096 2143 1197 2208 nomi·

87 2244 201 2312 uatimm
231 2250 292 2315 etsi
319 2272 387 2316 non
414 2250 561 2335 proiecto
589 2251 624 2314 in
652 2273 690 2315 eo
718 2255 851 2336 q'uaeres
879 2248 964 2334 quod
978 2253 1044 2315 ‘est
1074 2249 1124 2314 bio
1149 2251 1199 2314 dis

87 2347 157 2416 lesbo
180 2356 260 2439 aba,
292 2379 330 2422 ae
358 2357 497 2422 fortasse
527 2380 568 2423 ne
595 2359 629 2422 in
660 2357 826 2442 dispiter
859 2357 988 2443 quidem
1018 2355 1197 2443 (tamquam

85 2456 224 2548 uitiator),
245 2463 331 2548 quod
355 2461 451 2528 laaile
469 2464 632 2548 quispiam
656 2464 777 2530 obiciat
799 2486 816 2529 e
834 2465 977 2546 diespiter
995 2467 1198 2529 contactum

88 2581 150 2648 esse,
172 2571 275 2634 lamen
298 2575 424 2634 eertum
448 2569 501 2634 ille
524 2571 589 2635 nisi
611 2570 711 2636 fallor
738 2571 788 2636 sui
811 2571 986 2655 vestigium
1008 2571 1142 2656 reliquit
1164 2571 1199 2635 in

89 2666 211 2740 diiouis.
252 2676 362 2762 Magis
387 2677 485 2742 etiam
509 2677 693 2762 adpositum
723 2679 764 2744 ad
790 2677 1033 2763 persuasionem
1059 2676 1122 2742 hue
1145 2677 1198 2742 ad-

88 2817 264 2837 “““““---.-

88 2899 144 2953 3122.
156 2907 219 2959 3756
232 2907 260 2961 et
273 2905 780 2978 Grut⁹91‚11[olinhap.4'l3sq.]:
799 2924 856 2977 quo
870 2907 933 2978 ipsa
942 2907 1013 2965 adeo
1028 2898 1210 2962 BARNAES'

88 2980 154 3041 lenna
170 2993 272 3048 wesdit
289 3011 305 3048 e
320 2993 399 3051 Grub.
414 3000 475 3064 632,
490 3001 504 3048 1
526 2994 568 3066 [G.
584 2997 603 3051 l.
619 2995 649 3050 L.
660 2996 736 3063 V1‚1
753 3014 779 3050 n.
792 2997 872 3067 1892]
891 2996 1126 3052 M·SVTOR1vS
1138 3028 1144 3041 ·
1154 2997 1197 3052 M·

88 3067 278 3137 tharseus
317 3080 491 3164 Quamquam
515 3099 612 3153 perse
635 3084 707 3138 nihil
726 3101 791 3140 saue
810 3082 983 3155 impediebat
1004 3087 1151 3156 quominus
1169 3086 1199 3141 in

88 3157 148 3232 bupii
164 3167 332 3226 Somasoanis
350 3171 512 3242 genetivum
535 3172 749 3243 interpretarere
768 3173 950 3242 ΒΑΒΝΔΕὸ,
975 3176 1088 3245 quaudo
1110 3175 1198 3230 nomi-

88 3251 172 3310 nativus
184 3259 304 3314 BARNA
325 3262 417 3315 exstat
434 3259 454 3313 Ι.
469 3261 502 3314 R.
517 3261 551 3314 N.
567 3266 635 3316 4865
655 3264 685 3318 et
698 3263 776 3318 Grut.
791 3267 883 3330 900‚5
903 3263 959 3332 (vel
977 3265 1078 3319 Mutat·
1095 3270 1198 3332 1569‚5

52 3351 54 3358 ’
88 3336 117 3406 [C.
129 3341 145 3394 Ι.
157 3345 184 3400 L.
200 3349 224 3402 ll
242 3350 379 3421 n.3t82]).
395 3381 427 3389 -
447 3351 477 3404 P.
494 3356 532 3404 15·
542 3351 618 3421 [458]
634 3368 667 3405 ne
682 3352 809 3422 captioso
821 3351 864 3406 nti
878 3352 1067 3422 disputatione
1083 3352 1198 3420 viderer,

88 3425 194 3489 debebam
207 3435 255 3492 illa
268 3439 398 3494 omittere
413 3455 484 3508 quae
497 3441 563 3493 sunt
578 3439 695 3494 Morus
706 3471 712 3483 ·
724 3440 878 3510 sumum,
898 3441 1038 3496 CESVLA
1050 3470 1056 3482 ·
1066 3439 1198 3506 ATILIA,

88 3512 300 3595 P0tl·LlV1A,
337 3525 485 3580 GRAECA
501 3557 506 3569 ·
521 3527 724 3597 VATRONIA,
756 3529 919 3585 DERCINA
933 3559 939 3572 ·
955 3527 1197 3583 IVANALARIA:

88 3600 108 3656 lb
122 3607 156 3664 bis
171 3615 240 3670 enim
257 3632 307 3671 our
325 3632 381 3670 non
400 3614 663 3685 sublatarum,
687 3619 774 3686 LIVI,
793 3617 972 3686 verboru,
995 3615 1197 3671 IVANALARI

89 3695 231 3772 demetur,
258 3704 342 3759 facile
366 3703 467 3759 dixeris
489 3706 562 3759 hano
584 3706 674 3777 ipsam
701 3723 826 3762 eaumam
852 3707 951 3776 inisse,
979 3723 1014 3760 ne
1037 3705 1072 3759 de
1096 3703 1198 3759 marito

89 3783 228 3851 amarent
253 3795 285 3847 ut
312 3792 342 3846 in
365 3792 650 3850 CVRTIA·R0801.
689 3795 743 3850 Sed
766 3796 811 3851 vel
834 3795 875 3850 sio
897 3798 992 3850 tamen
1014 3793 1086 3848 nihil
1111 3793 1146 3846 de
1169 3793 1197 3846 vi

88 3879 304 3939 autumatione
322 3883 433 3936 nostrae
452 3881 620 3938 detrahitur:
641 3901 689 3938 our
707 3883 781 3938 enim
800 3902 855 3939 non
870 3887 914 3939 eet
926 3883 1019 3937 Mdltl
1030 3913 1036 3925 ·
1047 3881 1198 3948 suarem,

88 3952 327 4040 vtum-uuus,
346 3969 892 4028 Pourvuau1·ussrs·r210uros
911 3989 1044 4042 umquam
1064 3971 1198 4040 scriptum

89 4045 121 4099 vel
138 4049 161 4106 in
180 4057 313 4114 similibus
336 4059 467 4114 similiter
489 4059 549 4116 sine
572 4060 767 4132 ambiguitatis
789 4062 883 4132 speeie
905 4061 982 4116 ulla?
1006 4091 1038 4100 -
1065 4059 1097 4114 lu
1115 4058 1197 4113 Prae·

88 4137 173 4198 mona
191 4163 216 4216 p.
236 4153 268 4202 12
293 4149 372 4220 [455]
396 4149 460 4205 adn.
485 4151 704 4206 commemorata
730 4151 806 4206 haud
834 4151 891 4206 seio
916 4167 952 4204 an
977 4147 1197 4205 uotiuum

89 4219 283 4300 ditb'urruendum
307 4237 346 4292 sit
367 4237 469 4307 potius.
498 4269 528 4278 -
555 4238 709 4294 Levidanse
728 4239 864 4309 estquod
882 4244 940 4308 pt
961 4239 1038 4311 [tto]
1058 4238 1198 4308 prolatum

90 4307 217 4377 sbbbATl(
237 4342 339 4380 nomen
364 4325 446 4381 video
470 4326 573 4381 rectius
596 4327 704 4383 Latinis
725 4327 903 4383 inserendum
925 4327 1011 4382 fuisse
1029 4335 1087 4397 pb
1107 4327 1196 4398 [449]:

90 4395 155 4460 levius
170 4412 249 4468 etiam
265 4414 341 4484 quod
360 4413 390 4468 in
409 4418 426 4469 t
445 4415 466 4468 Σ
485 4415 517 4483 Ε,
535 4415 660 4484 itemque
679 4417 697 4469 Ε
719 4416 738 4469 Ε
756 4415 854 4471 formis
876 4418 952 4471 reate
976 4415 1199 4472 discriminandis

27 4571 28 4584 χ
89 4486 227 4558 iltrudem
244 4519 298 4558 uon
316 4502 385 4558 satie
403 4501 473 4557 mihi
491 4503 701 4572 typothetarum
719 4503 770 4559 filii
788 4506 949 4576 paruerunt.

27 4587 28 4598 ¹
127 4601 313 4648 marrianam
328 4610 461 4648 orvsovu
476 4612 512 4647 iv.
951 4597 985 4653 30
