3080 5142
469 424 749 471 svsrnnuaunvu
774 424 819 470 ιν.
1153 406 1216 471 551

81 585 144 628 cum
172 564 208 628 in
238 564 375 650 singulis
401 566 497 630 rebus
529 566 708 650 quibusque
740 567 862 630 eertum
894 587 1041 631 normam
1069 569 1218 630 constan·

81 677 201 756 temque
226 671 489 736 consuetudinem
511 671 628 736 harum
656 676 853 736 tesserarum
877 676 984 738 servet
1007 672 1219 756 severissime,

80 801 115 842 ne
135 777 337 842 levissimam
360 778 488 863 quidem
512 778 553 842 ab
576 778 645 842 ulla
666 783 760 862 parte
785 778 968 844 offendendi
989 777 1217 863 diffidendique

80 906 220 950 causam
245 885 391 969 praebet:
421 887 535 949 eontra
557 887 654 968 atque
678 907 737 948 usu
766 886 876 950 venire
899 885 933 950 in
956 885 1050 949 faisis
1073 885 1124 949 vel
1148 907 1216 950 sus·

80 991 171 1075 poetis
200 990 244 1055 ed
275 1013 371 1055 unam
395 991 546 1055 omnibus
570 990 662 1056 solet.
707 990 794 1056 Nem
817 992 902 1076 quod
924 991 985 1056 illa
1007 995 1096 1056 caret
1117 990 1216 1056 inter-

79 1097 256 1180 punctione,
279 1095 312 1161 id
335 1097 365 1160 ei
387 1119 521 1180 prorsus
544 1117 714 1162 eommune
737 1101 788 1162 est
811 1119 883 1162 oum
903 1095 1113 1180 Londinenni,
1137 1087 1216 1161 oiim

80 1203 306 1289 Inrerpoliensi
330 1203 364 1269 0.
377 1204 403 1270 I.
417 1202 452 1269 L.
469 1202 486 1267 Ι
504 1225 535 1287 p.
552 1203 615 1268 196
638 1226 669 1267 n.
684 1204 749 1268 723
765 1203 869 1286 [Tess.
889 1205 974 1288 glad.
996 1226 1027 1269 n.
1043 1204 1084 1268 10
1106 1203 1216 1288 ibique

79 1311 134 1376 tab.
152 1311 167 1375 I
183 1311 245 1396 GJ,
269 1313 358 1378 ouius
381 1311 480 1376 talem
504 1310 645 1393 speciem
669 1315 822 1395 eotypum
845 1331 1031 1395 gummenm
1054 1313 1215 1393 praestat:

80 2131 144 2195 item
170 2153 277 2215 prope
310 2149 477 2194 commune
509 2149 582 2192 oum
609 2125 771 2208 Parisino,
804 2146 901 2207 quam
934 2123 983 2188 vir
1014 2123 1213 2188 clarissimus

80 2236 151 2302 Noel
173 2235 230 2301 des
252 2235 393 2322 Vergers
416 2233 569 2318 possidet,
592 2232 626 2298 P.
649 2231 684 2296 L.
707 2230 751 2296 M.
773 2231 811 2295 E.
834 2231 901 2295 tab.
920 2227 1041 2294 XCVII
1059 2231 1104 2295 M
1121 2228 1214 2315 (0.1.

80 2341 141 2405 nl
162 2365 193 2426 p.
211 2343 281 2407 200
303 2365 334 2407 n.
355 2341 419 2406 774
443 2338 545 2420 [Teos.
568 2337 653 2422 glad.
676 2360 706 2402 n.
726 2338 767 2401 67
791 2337 857 2401 tab.
876 2337 926 2400 111
944 2334 1018 2422 Rp:

241 2937 516 2946 ..——.—--.-.-.-

269 2939 457 3044 nonus
482 3013 488 3026 ·
512 2936 660 3041 nuos
689 2935 936 3042 nunnius
956 2933 1027 3042 u*

80 3159 147 3224 nihil
177 3164 215 3226 ut
243 3161 285 3224 de
312 3159 460 3236 Romane
492 3157 636 3221 dicamus
668 3153 704 3240 (l.
727 3175 751 3218 s.
776 3177 800 3217 s.
827 3175 857 3237 p.
879 3151 941 3216 197
969 3174 1000 3217 n.
1021 3154 1086 3218 742
1110 3153 1214 3236 [Tess.

80 3265 152 3347 glad.
169 3289 200 3333 n
215 3268 271 3350 34,
294 3266 361 3330 tab.
380 3263 477 3350 10]),
499 3263 538 3328 de
557 3262 647 3326 ouius
665 3281 742 3324 vera
760 3258 866 3343 specie
885 3259 1125 3343 chalcographo
1144 3262 1213 3324 tan·

80 3375 138 3436 tum
158 3374 309 3458 exemplo
332 3371 426 3437 Dion
445 3371 512 3437 Ott.
532 3367 635 3452 Sadae
659 3369 798 3449 constat,
821 3365 872 3430 oui
893 3386 959 3430 non
981 3365 1118 3430 nimium
1136 3364 1213 3430 fidei

477 4095 502 4162 o
526 4055 793 4160 -suuni'o‘

82 4287 137 4356 Neo
165 4294 272 4379 magis
305 4291 342 4356 in
374 4313 411 4357 eo
442 4293 639 4358 haerendum
671 4292 756 4378 qnod
786 4293 898 4357 mixtis
927 4285 958 4356 Π
987 4292 1020 4353 et
1048 4287 1070 4353 Ρ
1098 4289 1238 4376 figuris,

83 4393 216 4480 (quanam
239 4399 333 4485 prior
355 4401 492 4465 notabili
521 4401 555 4464 in
580 4398 633 4464 his
657 4399 788 4464 tesseris
812 4397 993 4484 frequentia
1016 4395 1080 4480 est)
1109 4395 1210 4461 varia·

83 4505 139 4568 turn
169 4511 220 4572 est
251 4507 289 4572 in
319 4503 569 4572 PILODAMVS
602 4509 698 4590 atquo
731 4500 788 4571 ΒΡ
816 4509 850 4569 et
879 4500 1035 4571 ΜΕΝ.
1085 4501 1211 4585 Quippe
1226 4527 1286 4566 xur
