3062 5142
399 407 605 455 usrmoavu
630 406 895 467 turrovrssuus.
1155 391 1220 456 269

77 544 204 609 sauboni
229 544 493 632 Buttmannique
515 571 545 632 p.
564 549 608 614 32
627 549 834 615 coniecturis:
857 550 955 614 οὐδὲν
978 551 1017 628 δὴ
1041 549 1220 628 cancarrus

77 652 111 730 ἦν
130 647 189 736 (sic
204 649 298 720 Obie.
312 653 405 740 Vrb.)
428 657 503 721 τοὺε
527 651 684 722 παλαιοὺε
707 657 797 737 ἱερὰν
820 658 997 737 ὑπολαβεῖν
1019 661 1078 721 τοῦ
1097 656 1220 734 Κρόνου

77 760 127 836 τὴν
152 759 267 838 χώραν
297 761 428 840 ταύτην,
463 763 521 828 τὸν
549 765 607 840 μὲν
635 763 771 843 δαίμονα
799 768 917 829 τοῦτον
944 763 1111 843 οἰομένου(
1140 761 1220 826 εῖναι

78 866 166 944 πόιηε
198 868 409 947 εὐδαιμονίαε
442 873 562 948 δοτῆρα
601 870 652 934 καὶ
683 871 886 950 πληρωτὴν
922 868 1117 949 ἀνθρώποιο,
1155 865 1218 932 εἴτε

80 972 190 1050 Κρόνον
214 975 322 1038 αὐτὸν
345 978 394 1038 δεῖ
415 978 527 1040 καλεῖν
550 973 595 1040 ὼε
609 975 763 1054 ’Ἐλληνει
786 975 934 1056 ἀξιοῦειν,
958 975 1022 1042 εἴτε
1038 975 1220 1054 (άτουρνον

78 1081 115 1142 br
134 1081 303 1158 Ῥωμαῖοι,
336 1084 439 1146 πᾶεαν
468 1083 503 1146 δὲ
532 1082 762 1162 περιειληφότα
793 1085 853 1163 τὴν
884 1087 943 1148 τοῦ
970 1082 1088 1162 κόεμου
1116 1083 1219 1162 φύειν,

78 1185 232 1266 όποτέρωε
257 1185 303 1254 ἄν
321 1208 367 1253 τιε
390 1169 530 1272 croadis
553 1186 616 1273 (sic
634 1187 692 1254 Oh.
706 1188 760 1254 V.:
783 1210 843 1273 pro
867 1211 930 1274 quo
954 1189 1123 1274 vulgatum
1147 1189 1219 1254 ὀνο-

78 1293 158 1368 μόεοι
179 1315 221 1358 ne
246 1296 463 1377 grammatico
483 1295 612 1379 quidem
626 1294 827 1360 Buttmanuo
846 1293 1034 1382 displicuit).
1060 1296 1126 1361 Vbi
1145 1317 1218 1360 cum

79 1398 112 1462 sd
134 1399 257 1478 Κρόνον
284 1379 483 1487 adscriptum
512 1407 599 1468 esset
627 1402 668 1466 ab
696 1402 873 1485 interprete
898 1400 1021 1479 Κρόνον
1047 1403 1067 1482 ἢ
1093 1385 1219 1481 Χρόνον

79 1505 135 1588 (rel
158 1507 286 1585 Κρόνον
311 1505 375 1573 εἴτε
398 1506 545 1592 χρόνον),
577 1509 672 1594 pulso
701 1508 739 1572 de
769 1508 842 1574 sede
873 1530 931 1574 sua
959 1508 1061 1573 latino
1089 1508 1218 1572 nornine

78 1611 186 1692 prodiit
214 1612 308 1696 quod
335 1634 419 1678 nunc
451 1618 501 1678 cst
532 1615 568 1679 in
595 1614 759 1680 codicibus
793 1613 857 1680 εἴτε
890 1614 1010 1694 χρόνον
1154 1613 1217 1679 εἴτε

79 1718 183 1795 κρόνον
206 1721 253 1786 ὡ(
279 1718 425 1798 ῥωμαῖοι.
469 1719 657 1806 Faventque
688 1721 717 1787 ei
742 1722 958 1787 emendationi
981 1743 1063 1806 quae
1086 1743 1156 1805 cap.
1176 1719 1220 1784 34

80 1823 233 1908 leguntur:
263 1828 303 1892 ὃ(
326 1823 459 1911 (λόφοι)
482 1831 543 1892 νῦν
565 1830 624 1908 μὲν
649 1830 873 1918 Καπετωλῖνος
902 1825 964 1914 (sic
988 1825 1046 1891 ch.
1061 1825 1115 1910 V.)
1144 1825 1245 1890 dvo-e

80 1931 207 2011 μόΖετπι,
236 1932 367 2024 ὑπὸδὲ
394 1937 462 1998 τῶν
484 1933 558 1999 τότε
582 1933 764 2014 ἀνθρώπων
787 1935 979 2013 (οτούρνιοε
1003 1931 1064 2018 (sic
1089 1928 1147 1997 (lh.
1165 1931 1219 2016 V.)

81 2041 205 2118 ἐλέγετο,
229 2040 342 2119 ὥεπερ
365 2039 405 2105 ἂν
425 2040 508 2106 εἴποι
527 2061 574 2106 ut
587 2041 713 2106 Ἑλλάδι
734 2049 828 2126 φωνῇ
849 2040 988 2122 Κρόνιοε.
1020 2037 1220 2124 Simpliciter

81 2151 175 2212 autem
197 2146 230 2210 ‘a
255 2147 433 2212 saturando
455 2147 578 2212 dictum
602 2169 673 2212 esse
692 2145 879 2212 Saturnum'
902 2145 1095 2232 Fulgentius
1114 2144 1218 2229 Myth.

81 2251 131 2332 Ι,2
147 2253 280 2336 scribit,
304 2252 573 2341 ‘satrrntatisque'
592 2255 724 2322 notione
739 2255 843 2319 utitur
863 2253 964 2318 etiam
978 2252 1055 2338 11,4
1073 2254 1108 2318 in
1127 2274 1218 2316 enar-

81 2359 167 2423 randa
184 2361 390 2426 abscisorum
410 2361 602 2447 genitalium
621 2360 747 2425 fabula:
771 2357 935 2445 Fulgentii
955 2364 1064 2425 autem
1083 2363 1116 2424 et
1130 2357 1217 2424 Cice·

81 2465 155 2529 ronis
177 2466 465 2550 interpretationes
491 2468 597 2534 iunxit
618 2467 882 2552 Mythographus
906 2467 1025 2552 Angeli
1048 2466 1114 2530 Mai
1134 2465 1176 2544 ΙΙ,
1191 2471 1218 2531 1.

82 2567 155 2636 Tuiti
176 2575 255 2637 sunt
279 2574 462 2639 saturitatis
485 2574 517 2640 h.
536 2596 562 2638 e.
584 2573 796 2639 fecunditatis
819 2574 995 2658 copiaeque
1018 2594 1075 2657 per
1098 2577 1216 2636 terram

82 2683 163 2760 atque
185 2679 268 2746 adeo
292 2680 446 2746 mundum
469 2680 605 2746 diffusae
626 2681 793 2746 notionem
823 2701 862 2744 ex
892 2677 1057 2744 hodiernis
1081 2677 1217 2743 homiui·

83 2783 131 2849 bus
152 2784 316 2870 Sippellus
340 2787 427 2852 edita
450 2809 478 2851 a.
500 2787 584 2852 1848
608 2785 778 2872 Marburgi
802 2783 853 2849 ‘dc
877 2786 965 2850 cultu
985 2783 1130 2850 Saturni'
1154 2785 1216 2850 dis·

83 2893 259 2972 sertatione,
291 2891 515 2978 Schweglerus
547 2893 713 2959 Historiae
746 2891 838 2956 Rom
867 2890 883 2955 Ι
910 2914 941 2975 ρ.
960 2892 1025 2957 224
1047 2913 1106 2976 sq.,
1139 2892 1215 2958 item

83 2993 209 3064 ‘amns'
242 3003 340 3085 atque
369 2998 586 3066 ‘saturatoris'
614 3000 848 3085 cogitationem
876 3003 1030 3064 consueta
1058 2999 1216 3082 ambigui-

84 3105 139 3168 tste
160 3107 299 3172 miscens
319 3104 495 3174 (lreuaerus
519 3106 664 3191 Symbol.
687 3106 736 3172 III
759 3130 789 3192 p.
805 3107 870 3172 680
894 3105 940 3171 ed.
959 3111 1032 3172 tert.
1064 3107 1132 3172 Nec
1151 3108 1215 3174 dis·

84 3209 185 3290 plicere
218 3212 283 3278 sibi
310 3213 493 3279 Klauseuus
527 3214 737 3299 significavit,
775 3233 906 3278 securus
939 3211 978 3278 de
1007 3211 1084 3279 ‘sat
1116 3216 1215 3280 satis

84 3317 189 3382 satnr'
212 3340 329 3386 vocum
352 3321 504 3404 prosodia
528 3343 610 3404 quae
633 3324 744 3386 tantae
772 3320 801 3384 ei
830 3319 1001 3385 offensioni
1028 3321 1062 3384 in
1091 3325 1216 3386 satum

84 3421 187 3508 luerat,
215 3427 271 3492 sed
300 3449 512 3512 compensans
542 3449 613 3492 eam
637 3426 890 3493 inconstantiam
918 3449 1004 3493 nova
1032 3428 1216 3512 excogitata

84 3529 205 3614 origine:
228 3555 294 3617 qua
311 3534 396 3599 enirn
415 3533 468 3598 via
491 3555 508 3598 e
531 3551 608 3598 rua
632 3533 891 3618 auustirpibus
910 3538 990 3598 nata
1005 3537 1113 3598 essent
1135 3534 1215 3618 ple-

87 3655 145 3700 nus
169 3661 325 3725 egenus,
352 3641 462 3705 eadem
490 3663 507 3704 e
531 3657 577 3706 sa
605 3636 736 3727 (seua)
769 3643 802 3704 et
830 3662 945 3705 sanus
972 3638 1151 3725 pullulasse
1184 3643 1217 3703 et

86 3761 147 3808 cum
172 3744 234 3811 hoc
261 3750 435 3831 cognatum
464 3745 667 3812 Saturnus:
700 3767 782 3831 qnae
811 3747 911 3830 stirps
940 3768 1003 3830 quo
1033 3745 1215 3830 significatu

86 3846 186 3915 sucat
209 3873 274 3918 non
298 3854 432 3937 aperuit.
486 3853 609 3920 Contra
636 3857 795 3920 mutatam
822 3853 856 3918 in
884 3851 1001 3918 Lares
1029 3851 1215 3917 Larentia

87 3955 243 4024 ethome
276 3959 461 4025 humanus
493 3959 681 4044 prosodiam
714 3957 864 4024 auxiliari
896 3957 959 4022 sibi
978 3939 1215 4042 'Schweglerus

87 4061 187 4128 voluit:
209 4065 266 4130 illo
291 4065 416 4149 quidem
439 4066 587 4150 exemplo
610 4088 687 4130 usus
711 4064 930 4130 incertissimo
954 4067 987 4128 et
1010 4063 1061 4128 eui
1085 4086 1214 4148 persua·

88 4163 169 4234 dendi
191 4171 256 4234 rim
282 4172 335 4236 vix
356 4173 425 4256 ipse
447 4173 587 4256 tribuat,
619 4171 680 4237 hoc
707 4194 773 4238 non
803 4171 883 4237 satis
907 4169 1029 4254 valido,
1062 4171 1090 4236 si
1118 4172 1214 4238 modo

87 4277 159 4336 recte
180 4275 366 4341 humanus
388 4281 452 4344 rion
475 4301 513 4344 ex
538 4279 639 4362 hom,
662 4278 717 4344 scd
741 4299 780 4342 ex
803 4277 917 4342 homn
944 4275 1103 4364 (homin)
1131 4279 1213 4346 deri-

89 4381 175 4463 vatur,
197 4381 349 4448 similiter
365 4380 442 4470 (nou
456 4407 536 4452 sane
550 4385 689 4469 pariter)
709 4388 806 4468 atque
829 4384 1010 4468 publicus
1033 4385 1212 4470 poplicus

89 4487 251 4568 poplicus
287 4489 349 4554 non
380 4491 569 4577 simpliciter
601 4492 682 4556 flexa
715 4511 784 4554 esse
817 4489 856 4553 de
887 4491 1068 4575 pbpulus,
1106 4495 1161 4558 scd
1194 4519 1212 4559 e
