3048 5140
279 396 346 460 320
712 411 759 458 nn
784 415 871 458 mnu
890 415 994 458 runnu

279 577 375 620 nemo
398 575 464 619 non
486 553 655 618 uteretur?
693 553 766 619 Vna
787 555 872 620 ratio
897 553 1035 639 eogitari
1053 556 1163 637 potest
1182 550 1451 617 commemorati

280 661 379 725 idem
406 658 614 725 nominativi:
647 659 675 723 is
704 663 741 723 ut
768 665 986 743 opponeretur
1014 657 1108 724 alteri
1141 657 1260 724 isdem
1293 659 1450 738 formae,

280 767 487 852 eiusdemque
515 787 607 832 casus
635 765 797 850 duplicem
827 766 967 850 speciem
994 787 1094 849 unum
1122 765 1323 849 eundemque
1355 785 1448 849 poe·

279 877 349 938 tam
376 874 532 958 probasse
560 872 789 938 ostenderetur.
836 872 882 937 At
909 873 957 938 ita
984 873 1088 938 altero
1115 871 1318 937 nominativo
1345 893 1449 956 opus

228 965 234 974 ’
281 981 407 1045 eratin
433 979 580 1064 proximo
604 978 752 1063 exemplo
775 980 810 1042 ia
833 980 953 1061 tenrplis
975 979 1083 1044 melem:
1111 978 1167 1064 ubi
1191 977 1356 1043 tamensi
1385 978 1448 1042 is-

280 1086 362 1150 dem
395 1107 459 1151 non
491 1085 635 1151 ablativo
672 1107 748 1150 casu
781 1084 903 1151 dietum
940 1089 1038 1169 esset,
1075 1085 1185 1169 inepte
1220 1085 1447 1169 propositum

280 1193 387 1276 ipsum
415 1193 596 1276 exemplum
627 1195 726 1276 esset,
753 1214 826 1256 cum
850 1192 997 1277 exempla
1020 1195 1273 1257 consentaneum
1297 1191 1341 1255 sit
1367 1213 1445 1256 non

281 1297 447 1384 ambigua,
476 1297 532 1363 sed
555 1299 636 1363 talia
658 1297 757 1383 deligi
781 1321 876 1383 quae,
909 1320 1004 1382 quem
1033 1319 1145 1363 oasum
1167 1297 1325 1380 habeant,
1343 1297 1446 1380 ipsa

282 1405 518 1488 compositione
543 1406 714 1472 verborum
737 1409 928 1472 monstrent

369 1510 430 1576 His
454 1511 555 1596 igitur
578 1512 624 1576 sic
652 1511 839 1576 constitutis
869 1511 1139 1596 progrediendum
1167 1514 1218 1576 est
1240 1510 1282 1575 ad
1305 1510 1446 1576 subiec-

280 1622 349 1682 tam
369 1617 555 1684 aOieerone
578 1616 871 1683 ratiocinationem.
904 1616 1008 1693 Quam
1032 1639 1104 1683 cum
1127 1617 1228 1682 talem
1247 1637 1320 1682 esse
1334 1613 1443 1682 Goel-

282 1723 369 1788 lerus
398 1723 514 1789 voluit:
546 1729 581 1788 at
607 1725 741 1789 eisdem
768 1730 835 1789 erat
860 1725 982 1790 uenae:
1014 1743 1068 1789 nee
1094 1729 1196 1788 tumen
1218 1723 1373 1806 pramis
1402 1730 1445 1788 ut

281 1831 421 1912 opimius.
457 1831 538 1896 mule
559 1830 687 1895 sonwat
708 1831 847 1896 iisdem.
882 1832 1080 1914 impetratum
1106 1835 1151 1896 est
1172 1851 1193 1894 u
1214 1831 1444 1896 wametrrdine

282 1959 309 2001 e.
332 1958 361 2020 q.
384 1959 422 2019 a,
448 1958 515 2002 uon
539 1941 588 2001 est
611 1937 781 2001 veritatem
808 1941 985 2003 assecutus.
1030 1935 1130 2002 Recte
1153 1936 1283 2021 quidem
1307 1937 1366 2002 ille
1393 1939 1440 2003 ab

281 2041 375 2108 initio
404 2044 548 2109 eisdem
580 2047 689 2108 tuetur
718 2065 790 2108 eum
819 2042 1007 2128 Dresdensi,
1038 2042 1248 2129 Erlangensi,
1281 2043 1440 2110 Gudiano
1504 2091 1513 2104 .

282 2150 389 2235 tertio,
408 2149 536 2215 Veneta
553 2150 673 2234 prima:
697 2149 753 2214 sed
774 2149 858 2234 quod
877 2149 1026 2233 deinceps
1045 2149 1126 2214 mule
1147 2150 1278 2215 emutat
1299 2151 1437 2216 iisdem

282 2244 433 2339 prolravit
455 2277 527 2321 cum
547 2256 754 2321 multitudine
774 2255 941 2339 editorum,
963 2277 1022 2320 nec
1040 2278 1099 2340 per
1120 2277 1154 2322 se
1172 2256 1302 2322 delendi
1321 2264 1440 2342 potest

281 2383 340 2428 nee
364 2364 444 2428 satis
468 2367 518 2428 est
541 2363 581 2428 ad
605 2363 890 2429 consummandam
914 2363 1239 2448 argumentationem.
1272 2356 1360 2428 Male
1382 2387 1435 2430 so-

281 2469 383 2534 nabat
406 2470 549 2556 profecto
574 2471 724 2554 iisdem,
748 2469 804 2535 sed
825 2473 896 2536 tam
919 2470 1005 2535 male
1028 2475 1065 2537 ut
1084 2492 1124 2536 ne
1143 2471 1341 2555 reprobandi
1361 2472 1436 2556 qui-

282 2577 354 2642 dem
388 2597 502 2642 caussa
533 2576 602 2641 ulla
633 2579 727 2641 esset.
777 2575 910 2642 Certum
942 2581 992 2641 est
1023 2577 1108 2641 enim
1141 2577 1267 2643 labanti
1299 2577 1435 2643 demum

281 2683 437 2748 latinitati
460 2683 488 2748 ii
511 2682 561 2748 iis
585 2683 722 2748 iisdem
744 2681 867 2748 formas
890 2682 1012 2766 deberi,
1036 2679 1201 2749 Ciceronis
1228 2688 1337 2749 antem
1362 2705 1435 2749 sae-

283 2790 355 2855 culo
378 2794 447 2856 tam
470 2791 601 2875 ignotas
623 2790 731 2876 fuisse,
755 2795 853 2855 utne
877 2790 911 2854 in
934 2793 1076 2855 mentem
1098 2789 1226 2875 quidem
1249 2789 1300 2854 illi
1319 2791 1433 2856 venire

282 2899 406 2979 posset,
438 2895 548 2961 dedita
575 2917 674 2981 opera
701 2896 821 2961 vitatas
849 2918 870 2960 a
897 2917 1059 2981 quoquam
1091 2895 1206 2961 dicere.
1256 2895 1435 2962 Praeterea

283 3005 391 3066 autem
416 2999 491 3084 quid
517 3021 585 3064 esse
604 3000 684 3065 illud
702 3000 856 3086 dicamus,
879 3001 964 3086 quod
981 3001 1030 3066 ita
1048 3001 1087 3066 de
1105 3023 1168 3067 uno
1192 3001 1316 3067 isdem
1341 3003 1432 3068 abla-

282 3107 361 3190 tivo,
384 3129 440 3172 cur
461 3106 621 3190 placuerit
643 3106 760 3190 Ennio,
784 3107 936 3192 aperitur,
964 3106 1227 3173 denominativo
1250 3108 1388 3194 isdem,
1412 3131 1434 3174 a

283 3236 346 3300 quo
375 3233 507 3278 exorsus
536 3215 606 3277 erat
629 3209 756 3294 einero,
787 3234 828 3278 ne
856 3211 989 3278 verbum
1022 3212 1150 3296 quidem
1179 3213 1333 3280 additur?
1369 3215 1433 3282 hoe

282 3323 334 3384 est
357 3318 396 3385 de
419 3341 458 3384 ea
480 3317 586 3382 forma
609 3339 704 3401 quae,
728 3339 801 3383 eum
824 3318 927 3384 multo
951 3318 1140 3384 inusitatior
1162 3324 1261 3406 esset,
1285 3321 1433 3407 aliquam

282 3427 419 3492 rationis
442 3423 713 3510 significationem
736 3425 839 3490 multo
864 3425 968 3510 magis
991 3426 1190 3508 postulabat
1223 3427 1293 3492 Aut
1310 3427 1435 3494 fallunt

282 3533 391 3598 omnia
419 3536 475 3596 aut
504 3535 581 3615 post
608 3531 802 3616 explicatam
835 3532 971 3597 ablativi
1003 3531 1038 3596 iu
1070 3532 1251 3615 posteriore
1282 3535 1432 3618 exemplo

281 3638 442 3704 rationem
474 3637 514 3702 ad
543 3637 633 3721 prius
664 3639 762 3703 rediit
793 3641 827 3703 et
858 3639 977 3703 isdem
1008 3639 1245 3705 nominativum
1274 3643 1313 3704 ut
1345 3641 1433 3705 male

283 3749 452 3810 sonantem
483 3743 671 3826 repudiasse
703 3745 848 3829 linguam
881 3744 1016 3810 addidit.
1073 3743 1120 3809 Et
1151 3751 1322 3811 servarunt
1348 3748 1435 3812 male

281 3851 411 3916 sonata
437 3851 552 3915 isdem
579 3848 784 3916 Monacensis
815 3852 915 3916 codex
937 3873 1010 3916 cum
1033 3855 1170 3936 utraque
1190 3851 1329 3919 Veneta„
1370 3853 1434 3918 At-

283 3979 344 4042 que
373 3957 419 4021 sio
447 3955 574 4021 demum
605 3956 790 4023 subtiliores
822 3957 966 4024 rationes
994 3957 1163 4022 Tullianae
1197 3957 1432 4044 disputationis

282 4085 394 4129 ornnes
418 4066 451 4127 et
468 4062 516 4127 vis
536 4063 665 4129 diversa
682 4086 754 4129 oum
774 4065 995 4149 exemplorum
1014 4070 1085 4130 tum
1106 4064 1298 4130 iudiciorum
1318 4065 1432 4150 singu-

282 4171 388 4236 lorum
411 4170 499 4234 clara
521 4169 555 4234 in
578 4170 648 4235 luce
672 4171 850 4236 collocatae
873 4175 1040 4255 apparent.
1085 4170 1139 4235 Ad
1161 4193 1331 4237 commune
1356 4193 1432 4238 con·

282 4277 392 4342 silium
419 4275 514 4360 illud,
546 4278 583 4340 ut
610 4277 791 4362 neglectam
820 4298 890 4342 esse
917 4276 1088 4361 veriloquii
1119 4276 1225 4363 legem
1256 4277 1432 4346 suavitatis

283 4401 396 4446 caussa
419 4382 585 4466 probetur,
609 4387 758 4468 spectant
781 4385 899 4450 omnia.
943 4383 1060 4449 Verius
1085 4387 1154 4449 erat
1180 4384 1300 4450 isdem
1329 4407 1431 4450 oam-

282 4507 366 4569 pus‚
388 4486 472 4568 quod
494 4487 575 4551 dixit
588 4486 728 4553 Ennius:
752 4489 883 4554 suavius
906 4489 1019 4574 idem,
1037 4489 1122 4574 quod
1137 4488 1302 4556 Ciceronis
1321 4495 1430 4556 aetate
