2948 5048
355 350 474 401 roas1s
499 350 698 401 servarum
722 350 957 399 sero1nas1vu.
1148 334 1228 399 ’299

43 498 170 577 sent,
201 494 318 580 quibus
345 516 414 560 non
442 495 620 580 perspectis
653 516 719 559 non
750 498 927 579 potuerunt
959 516 1036 559 sane
1066 494 1229 560 ‘carmina'

44 604 239 690 pleraque
260 623 328 667 non
356 623 427 666 esse
450 600 591 684 pedestri
619 600 764 665 oratione
793 599 881 666 facta
909 601 1019 667 videri.
1065 601 1136 678 Quo
1166 601 1229 665 nisi

44 708 230 776 fallimur
265 707 345 772 illud
382 708 555 774 accedebat
587 707 672 792 quod
703 707 801 772 nimis
834 709 888 772 diu
925 709 1017 773 nimii
1055 730 1124 772 esse
1155 729 1229 773 con·

46 817 258 881 sueverunt
280 814 314 879 in
336 816 427 898 poesi
451 814 539 880 omni
567 814 716 880 alatina
742 818 838 898 gente
862 814 1074 900 cognatisque
1104 813 1229 899 priscae

47 919 198 987 Italiac
220 921 337 987 incolis
360 921 588 988 abiudicanda:
612 942 693 1006 quos
714 921 842 1005 quidem
865 943 1055 1006 persuasum
1073 921 1229 986 habemus

47 1027 225 1092 naturali
249 1027 440 1093 iuvenilium
463 1029 656 1112 populorum
679 1028 820 1112 impulsu
843 1028 1008 1113 ipsiusque
1028 1027 1229 1112 antiquitatis

49 1133 246 1199 communi
273 1134 443 1219 instinctu,
467 1134 562 1199 simul
591 1138 687 1219 atque
717 1156 815 1218 supra
842 1134 1039 1199 cottidianae
1062 1137 1230 1199 consuetu·

50 1240 168 1305 dinis
191 1239 395 1306 ieiunitatem
423 1242 523 1306 animi
552 1240 685 1306 affectus
715 1241 782 1305 sive
810 1242 956 1325 pavendo
980 1240 1118 1327 lugendo
1143 1262 1230 1304 exse-

51 1345 202 1411 crando
227 1347 295 1412 sive
318 1346 477 1431 sperando
499 1348 659 1432 precando
683 1347 879 1432 gratulando
904 1347 970 1415 sive
988 1347 1150 1413 hortando
1174 1347 1228 1411 ob-

53 1453 275 1539 stringendo
298 1453 471 1519 sanciendo
500 1454 699 1539 aliquantum
729 1460 927 1540 assurgeret,
956 1455 996 1519 ad
1024 1475 1257 1518 numerorume

54 1559 198 1625 modos
230 1559 398 1646 vulgarem
429 1581 609 1625 sermonem
642 1561 794 1625 evexisse.
843 1558 913 1625 Hac
944 1561 1044 1646 igitur
1075 1564 1108 1624 et
1135 1581 1230 1643 expe-

54 1664 191 1731 riundi
214 1670 248 1732 et
269 1666 486 1731 ratiocinandi
514 1667 568 1731 via
596 1667 681 1731 haud
704 1667 850 1749 paullum
874 1667 1009 1732 fiduciae
1031 1667 1120 1732 nacti
1144 1670 1231 1751 post

59 1792 186 1855 quam
204 1794 271 1838 non
288 1773 438 1856 exiguam
453 1770 677 1841 Saturniorum
693 1794 832 1838 messem
851 1795 924 1838 cum
943 1772 1117 1837 eLivianis
1137 1772 1230 1837 libris

58 1882 157 1942 tum
180 1901 218 1944 ex
241 1879 380 1944 aliorum
403 1879 598 1964 scriptorum
623 1879 786 1945 ‘carmina’
815 1880 1065 1944 memorantium
1092 1901 1130 1943 ac
1157 1901 1230 1962 pro·

61 1981 245 2064 dentium,
281 1985 441 2052 Macrobii
474 1985 693 2070 potissimum,
731 1986 927 2051 testimoniis
962 1985 1110 2068 fecimus,
1142 1983 1231 2049 facili

63 2109 187 2171 opera
203 2093 303 2158 etiam
325 2092 369 2157 M.
384 2093 490 2159 Porcii
514 2092 648 2159 Catonis
671 2093 800 2178 librum,
824 2094 889 2176 ‘qui
913 2094 1077 2175 inemptae
1099 2096 1143 2156 est
1163 2112 1230 2155 cor·

65 2212 157 2260 men
178 2199 214 2264 de
234 2197 382 2264 morabus'
405 2202 490 2264 teste
515 2199 620 2265 Gellio
643 2199 700 2285 XI,
718 2202 748 2285 2,
774 2201 813 2265 ad
836 2201 922 2265 idem
945 2221 1046 2286 genus
1069 2199 1231 2282 pertinere

56 2300 312 2371 intelleximus.
348 2305 432 2382 Quid
456 2307 548 2371 enim·
565 2306 656 2389 miri,
680 2307 707 2371 si
731 2304 894 2371 Saturniis
919 2307 1073 2387 versibus,
1096 2326 1231 2389 quorum

71 2426 183 2476 usum
208 2413 289 2477 satis
317 2416 445 2478 constat
474 2414 561 2477 ultra
588 2412 721 2479 Catonis
752 2417 902 2496 tempora
934 2413 1090 2497 viguisse,
1126 2411 1231 2495 magis

72 2530 185 2595 quam
206 2539 396 2602 perosorum
419 2518 483 2582 sibi
497 2517 726 2585 Graeculorum
750 2518 888 2583 artificio
910 2518 1059 2583 laudator
1077 2517 1132 2582 ille
1151 2522 1231 2582 tem-

75 2623 179 2703 poris
200 2625 264 2690 soti
287 2623 531 2689 delectabatur?
564 2623 635 2700 Qua
657 2629 767 2691 tamen
789 2624 1021 2709 probabilitate
1044 2626 1141 2711 longe
1165 2626 1232 2690 lon·
1301 2682 1306 2693 ,

77 2743 192 2811 seque
213 2731 345 2818 gravior
367 2735 474 2796 certae
502 2732 552 2798 vis
577 2730 861 2797 demonstrationis
890 2733 960 2798 visa
983 2736 1046 2816 est,
1074 2754 1170 2816 quam
1194 2753 1232 2796 ex

79 2832 192 2918 ipsius
214 2838 341 2925 legibus
364 2837 597 2923 grammaticae
620 2839 757 2923 petitam
779 2838 886 2922 nullis,
909 2839 937 2903 si
960 2839 1057 2905 modo
1079 2839 1232 2923 sapimus,

81 2958 240 3027 umquam
263 2944 403 3030 argutiis
426 2943 595 3028 infringes.
627 2943 712 3009 Nam
735 2949 773 3010 ut
794 2968 893 3010 unam
911 2943 1109 3011 ‘formulam’
1128 2949 1231 3011 metro

83 3047 159 3117 no'n
185 3051 349 3117 astrictam
375 3071 500 3116 cannen
531 3071 601 3117 esse
633 3050 754 3115 dictum
788 3050 1023 3136 aliquantisper
1054 3051 1233 3136 largiamur

87 3154 320 3243 potiusquam
343 3156 571 3241 concedamus,
600 3159 710 3222 tamen
738 3157 793 3240 qui
817 3157 931 3222 talium
955 3159 1135 3224 carminum
1157 3158 1188 3222 h.
1207 3181 1233 3222 e.

93 3261 321 3331 sententiarum
349 3263 401 3328 vel
423 3268 670 3348 praeceptorum
700 3264 912 3349 singularium
935 3264 1176 3330 multitudinem
1198 3264 1232 3328 in

99 3379 192 3435 unum
211 3390 326 3455 corpus
349 3369 493 3435 vinctam
517 3371 596 3435 item
619 3390 754 3451 aarum,
776 3391 842 3435 non
864 3372 1020 3454 ommino,
1042 3371 1232 3454 inscriptam

101 3487 171 3542 08⁸0
181 3476 282 3542 auimo
296 3481 411 3543 nostro
424 3476 645 3560 informemus,
660 3499 771 3542 sanam
782 3478 942 3544 rationem
956 3500 1022 3542 non
1031 3478 1135 3563 magis
1150 3499 1233 3542 com-

10 3570 15 3697 i
105 3572 298 3667 rubiacimm,
321 3605 417 3668 quam
437 3585 501 3669 qui,
524 3590 562 3650 ut
576 3584 731 3668 exemplis
745 3588 885 3669 utamur,
908 3585 1041 3650 Publilii
1061 3582 1137 3668 Syri
1157 3583 1233 3650 Sen-

103 3687 197 3756 mnus
216 3689 392 3769 volfadus
412 3690 596 3774 Phocylidis
620 3690 671 3754 vel
690 3690 856 3756 Plutarchi
870 3691 1078 3772 Ἀπόφθεγμα
1100 3690 1233 3755 inscribi

98 3796 264 3888 potuerint
294 3796 410 3882 Itaque
432 3798 487 3863 ubi
511 3797 550 3861 de
568 3802 717 3881 poemate
736 3796 779 3863 M.
794 3797 928 3864 Catonis
953 3820 1053 3883 eoque
1073 3796 1233 3862 Saturniis

10 3920 14 3981 ,ἱ
95 3899 239 3973 versibus
261 3903 392 3969 condito
414 3903 611 3968 sententiam
629 3907 775 3969 nostram
793 3926 860 3969 non
878 3905 1068 3970 labefactari
1087 3903 1234 3969 codicum
1284 3932 1287 3939 ·

10 3988 24 4007 ”
89 4030 170 4083 msa
191 4007 385 4074 testimoniis
408 4010 627 4097 cognovimus,
651 4033 733 4095 quae
756 4015 889 4095 rogatus
913 4035 932 4076 a
956 4011 1049 4076 nobis
1072 4009 1233 4074 Martinus

83 4114 241 4191 Hertzius
262 4113 440 4180 liberaliter
461 4119 500 4181 ut
523 4117 607 4182 solet
629 4139 738 4181 mense
761 4117 902 4182 Octobre
926 4117 1002 4182 anni
1026 4131 1235 4190 01010000n11

80 4214 124 4299 iad
149 4245 214 4291 nos
237 4223 491 4309 transmittebat,
518 4246 583 4289 non
611 4223 828 4288 dubitavimus
859 4223 999 4288 eiusdem
1025 4223 1101 4288 anni
1124 4243 1234 4287 mense

76 4331 282 4411 Decembre,
310 4350 383 4398 cum
409 4332 445 4396 in
471 4331 673 4415 epitaphium
700 4331 744 4395 M.
768 4331 861 4395 Atilii
884 4328 1026 4396 Calatini
1054 4329 1234 4413 disputatio
1314 4363 1317 4369 ·

72 4439 274 4522 incidisset,
297 4436 378 4503 hacc
400 4437 541 4503 scribere
555 4435 659 4502 Musei
681 4437 794 4522 philol.
817 4436 864 4502 IX
887 4460 917 4522 p.
938 4439 955 4502 7
973 4440 1086 4521 [supra
1099 4436 1234 4520 p.220]:
