3062 5142
314 293 378 358 194
460 313 608 360 rrrvnvs
633 297 820 362 convasare
845 315 1050 362 nosrasrnn
1074 312 1307 362 nvnnnrarrla

273 482 299 522 ιι
312 473 377 517 non
400 455 528 518 tantum
551 458 669 538 ectypo
694 455 864 522 chartaceo
888 478 1075 540 expressum
1099 456 1281 538 exemplum
1301 453 1387 517 scite
1409 452 1460 515 ad·
1509 503 1510 536 p

312 557 443 622 modum
475 563 626 642 paratum
659 563 710 625 est
741 568 774 626 et
806 563 847 628 ad
879 585 929 628 me
962 563 1097 628 comiter
1128 560 1374 642 transmissum,
1406 557 1462 621 sed

310 664 410 728 etiam
433 665 472 729 de
495 666 645 731 omnibus
669 667 716 732 eis
740 672 773 733 et
796 670 1038 735 accuratissime
1062 673 1095 732 et
1115 666 1353 752 patientissime
1380 665 1462 728 rela-

310 774 394 854 tum,
418 792 499 854 quae
522 795 581 856 per
602 773 729 838 litteras
748 774 921 839 identidem
941 797 1001 860 ego
1021 774 1204 839 sciscitatus
1224 794 1336 838 essem.
1372 771 1462 854 Ergo

311 899 383 940 eum
407 877 446 941 de
470 880 701 963 superstitibus
728 880 824 946 hodie
848 881 955 946 verbis
984 886 1017 945 et
1044 881 1164 946 litteris
1187 879 1271 944 nihil
1294 877 1386 962 quod
1410 877 1461 940 de·

311 984 432 1049 sideros
455 986 604 1051 relictum
628 987 683 1070 sit,
712 991 821 1053 tamen
849 1010 915 1052 non
938 987 1096 1053 inutiliter
1123 987 1162 1052 de
1186 987 1253 1051 illia
1277 988 1462 1070 quaeretur,

309 1091 445 1174 siquae
471 1090 556 1156 torte
585 1092 663 1157 olim
691 1093 756 1178 legi
785 1094 950 1178 potuerint
976 1116 1061 1158 nunc
1083 1091 1251 1177 deperdita
1279 1092 1311 1156 in
1342 1091 1462 1175 lapide.

311 1194 411 1261 Ouius
430 1193 593 1282 margines
612 1219 684 1262 eum
703 1198 833 1282 possint
847 1198 1014 1282 aliquanto
1028 1199 1224 1282 integriores
1238 1197 1339 1262 fuisse
1354 1197 1462 1281 prius-

311 1327 407 1386 quam
430 1305 465 1368 in
487 1305 633 1370 tabulam
658 1305 849 1389 quadratam
879 1304 937 1370 illo
961 1305 1107 1369 immisso
1135 1304 1277 1370 frustula
1299 1304 1461 1388 quaedam

311 1410 545 1494 demerentur,
567 1411 629 1477 hoc
654 1417 688 1476 ut
712 1412 807 1496 quale
831 1413 875 1476 sit
893 1413 1027 1495 planum
1046 1412 1117 1496 fiat,
1140 1411 1366 1497 componenda
1385 1415 1462 1475 sunt

310 1518 350 1582 de
373 1517 574 1602 singulorum
597 1539 749 1581 versuum
777 1539 850 1582 cum
879 1518 982 1584 initiis
1009 1523 1079 1583 tum
1107 1518 1225 1584 finibus
1254 1519 1461 1604 superiorum

311 1624 475 1690 editorum
495 1624 694 1688 testimonia:
719 1625 835 1710 quibus
854 1627 964 1689 tamen
986 1625 1143 1690 utendum
1166 1648 1239 1690 cum
1263 1625 1363 1690 certis
1388 1647 1461 1690 cau-

310 1731 465 1796 tionibus.
514 1729 661 1795 Primum
689 1732 773 1795 enim
803 1732 909 1815 specie
936 1735 1078 1815 tantum,
1110 1754 1175 1797 non
1207 1754 1242 1796 re
1275 1733 1461 1817 discrepare

311 1839 387 1904 illos
416 1842 563 1924 apertum
592 1842 654 1923 est,
686 1860 759 1902 oum
788 1861 843 1903 eas
870 1839 1012 1926 litteras,
1045 1861 1179 1924 quarum
1208 1839 1291 1906 nihil
1314 1839 1382 1904 nisi
1406 1843 1461 1903 aut

298 1944 493 2030 .fragmenta
508 1949 564 2011 aut
581 1950 750 2029 tamquam
769 1946 884 2011 umbra
897 1946 1055 2030 quaedam
1074 1947 1331 2032 fragmentorum
1350 1968 1460 2030 super-

245 2123 251 2137 q
311 2056 374 2136 est,
406 2053 462 2117 alii
485 2054 628 2136 integras
651 2056 842 2137 posuerunt,
868 2075 1001 2137 prorsus
1029 2053 1209 2119 omiserunt
1235 2055 1306 2119 alii:
1340 2054 1459 2138 quippe

310 2159 428 2242 quibus
453 2159 629 2244 scripturae
652 2159 800 2224 frustulis
824 2159 1040 2242 exprimendis
1052 2160 1169 2243 »impar
1188 2163 1273 2224 esset
1293 2182 1347 2224 ars
1367 2163 1458 2243 typo-

311 2264 436 2350 graphi.
479 2263 603 2330 Deinde
627 2287 665 2330 ex
688 2267 760 2350 ipsa
783 2269 936 2350 typorum
960 2269 993 2330 et
1016 2265 1267 2331 maiusculorum
1290 2263 1377 2352 (sive
1401 2287 1458 2330 un·

311 2372 408 2436 ciales
431 2372 482 2437 vel
505 2374 646 2460 versales
670 2370 900 2459 appellaveris)
916 2377 963 2444 ,et
989 2373 1176 2457 capitalium
1205 2376 1239 2438 et
1261 2373 1457 2438 minusculo·

310 2501 382 2544 rum
406 2482 439 2544 et
461 2478 661 2544 cursivorum
686 2478 898 2544 similitudine
921 2501 987 2544 non
1009 2479 1119 2563 potuit
1135 2501 1201 2544 non
1222 2482 1279 2544 aut
1298 2479 1458 2564 ambigui-

310 2589 361 2652 tas
390 2590 447 2652 aut
474 2608 564 2652 error
590 2587 754 2652 nonnullis
782 2587 816 2652 in
843 2586 923 2652 locis
953 2589 1054 2653 nasci.
1103 2586 1250 2671 Denique
1283 2586 1457 2652 manifesta

310 2698 362 2759 est
384 2692 586 2779 quorundam
608 2693 815 2778 neglegentia
838 2693 872 2757 in
896 2694 1128 2777 supplementis
1152 2717 1172 2758 a
1194 2693 1334 2777 pristina
1359 2693 1457 2776 scrip·

310 2805 384 2865 tura
406 2798 638 2865 discernendis:
666 2822 729 2885 quo
753 2800 787 2864 in
810 2821 927 2885 genere
954 2800 1117 2866 neminem
1146 2800 1247 2866 fuisse
1271 2800 1386 2885 Lipsio
1410 2801 1456 2863 in·

300 2899 551 2990 'diligentiorem
574 2904 650 2970 illae
674 2905 912 2990 discrepantiae
940 2907 1026 2972 haud
1056 2929 1181 2992 paucae,
1205 2912 1349 2992 arguunt
1377 2927 1456 2990 quae

311 3013 395 3077 inter
416 3013 482 3076 tria
505 3011 652 3096 exempla
674 3012 828 3097 lipsiana
850 3013 1060 3080 intercedunt.
1093 3014 1236 3091 Quorum
1258 3013 1349 3097 illud,
1374 3011 1456 3097 quod

311 3122 362 3183 est
380 3118 414 3183 in
428 3117 580 3202 Antiquis
601 3118 803 3203 lectionibus,
826 3121 964 3204 primum
990 3121 1140 3185 dicimus:
1164 3120 1349 3204 secundum,
1373 3115 1454 3203 quod

312 3225 382 3290 sine
414 3225 649 3308 supplementis
682 3225 717 3290 in
748 3225 903 3292 Auctario
935 3227 1183 3311 inscriptionum
1217 3225 1454 3292 Smetianarum

311 3333 434 3416 posuit,
462 3331 557 3398 nobis
581 3330 713 3397 Gruteri
739 3333 802 3400 fide
830 3335 1011 3418 cognitum:
1043 3333 1189 3419 tertium,
1222 3333 1307 3418 quod
1335 3331 1453 3397 ibidem

312 3439 447 3503 accessit
471 3439 704 3522 supplementis
728 3441 866 3504 auctum.
926 3429 928 3434 ’

400 3581 512 3665 Ipsum
540 3583 662 3663 autem,
694 3581 789 3664 quale
821 3603 906 3647 nunc
938 3586 1001 3667 est,
1033 3583 1121 3647 tituli
1148 3581 1278 3648 initium
1307 3579 1390 3665 quod
1421 3579 1454 3641 in

312 3688 435 3753 duobus
459 3687 537 3752 solis
561 3686 728 3771 exemplis,
751 3685 938 3752 Lafreriano
958 3691 991 3752 et
1009 3687 1220 3772 Panviniano,
1242 3687 1369 3772 integer
1389 3707 1453 3749 ver·

312 3817 366 3859 sus
389 3794 555 3879 praecedit
577 3793 636 3858 has
660 3794 787 3859 litteras
810 3797 995 3877 praestans:

369 3935 483 4004 ·G·D
508 3987 649 4002 ......
673 3934 1153 4002 M·F·M·N·C....L·
1178 3985 1395 4001 .........

313 4077 390 4165 (nisi
413 4080 498 4165 quod
517 4079 641 4145 Duilius
664 4083 697 4144 et
720 4077 846 4144 OousoL
870 4078 973 4144 estin
993 4075 1216 4164 Panviniano),
1239 4077 1271 4142 id
1290 4078 1343 4142 vix
1361 4096 1451 4162 posse

312 4185 455 4251 dubitari
477 4186 606 4251 videtur
628 4187 705 4271 quin
734 4208 751 4250 s
774 4207 864 4251 mera
886 4183 1138 4269 interpolatione
1168 4183 1375 4268 repetendum
1398 4182 1450 4245 sit:

312 4313 507 4376 quamquam
534 4292 640 4356 fraudi
669 4296 702 4357 et
725 4292 991 4358 Drakenborchio
1018 4292 1081 4357 fuit
1109 4292 1143 4356 in
1170 4291 1239 4356 Liv.
1261 4288 1332 4374 XL,
1354 4287 1450 4370 525

273 4416 298 4455 u»
313 4400 345 4462 et
365 4396 542 4462 Garatonio
567 4398 601 4460 in
620 4395 784 4462 Ciceronis
803 4398 1011 4463 Plancianam
1032 4419 1165 4463 excursu
1179 4395 1244 4463 VlI
1261 4419 1292 4479 p.
1306 4395 1369 4460 262
1384 4413 1449 4476 sqq.
