3062 5142
310 349 375 416 282
634 369 680 417 ua
706 368 902 418 muniamus
926 369 1133 418 nmrnnums

353 508 471 575 ΒΕΛΟ
483 531 499 571 s
509 509 556 574 ΑΙ
571 545 578 558 ·
593 510 809 578 POGOLOM:
833 513 917 598 apud
934 512 1161 596 Millingenum
1179 512 1372 579 Florentiae
1398 516 1471 579 visa

354 616 526 682 Welckero
551 617 679 702 suisque
702 619 735 683 in
759 618 871 684 diariis
896 620 937 684 ab
957 641 994 684 eo
1013 620 1133 703 raptim
1153 620 1367 705 consignata,
1394 625 1472 705 post

354 729 608 790 commemorata
626 729 630 736 ’
645 747 716 790 cum
753 725 868 790 ceteris
905 727 939 790 in
976 725 1115 791 aditione
1154 726 1251 812 tertia
1288 727 1470 792 enchiridii

352 830 555 895 Muelleriani
579 855 609 914 p.
630 831 706 896 195:
740 833 862 897 frustra
890 855 910 897 a
937 854 988 896 me
1016 833 1161 917 quaesita
1189 832 1223 897 in
1252 855 1370 898 museo
1398 833 1469 898 Bri·

351 936 492 1020 tannico,
522 959 586 1020 quo
610 938 768 1021 perlatam
799 959 870 1003 esse
893 959 1054 1003 unacum
1078 939 1183 1004 altera
1205 938 1469 1024 Millingeniana

352 1041 587 1129 suspicabar.*)

395 1150 503 1235 Atque
525 1155 563 1216 ut
585 1153 626 1217 ab
651 1173 689 1217 ea
713 1175 808 1236 quam
838 1157 1001 1238 postremo
1030 1153 1103 1218 loco
1131 1154 1224 1236 posui
1255 1154 1388 1237 patella
1418 1176 1468 1218 or-

307 1259 386 1342 diar,
410 1279 482 1322 cum
506 1259 654 1342 quintam
679 1261 719 1324 ab
742 1261 836 1325 initio
859 1260 1002 1326 litteram
1015 1261 1205 1325 Welclrerus
1224 1261 1326 1324 talem
1349 1260 1467 1344 pinxe-

307 1364 351 1428 rit
373 1369 423 1443 ut,
446 1370 555 1429 utrum
576 1366 605 1430 Δ
626 1389 667 1430 an
692 1363 712 1430 b
737 1368 861 1452 legerit,
883 1390 949 1432 nou
969 1371 1133 1451 appareat,
1151 1369 1220 1432 iure
1240 1389 1299 1432 suo
1318 1366 1467 1431 Momm-

307 1493 403 1536 senus
436 1471 478 1535 ab
512 1469 627 1538 Iahnio
658 1479 931 1539 commemoratus
962 1475 1119 1558 scriptum
1151 1497 1221 1538 csse
1254 1474 1288 1537 iu
1321 1473 1466 1538 vasculo

306 1575 520 1660 BEAONAI,
552 1579 617 1662 vel,
645 1578 732 1662 quod
760 1579 868 1661 potius
898 1579 1057 1664 duxerim,
1085 1577 1275 1644 BEbONAI
1304 1579 1467 1644 coniecit:

307 1683 434 1766 quando
457 1683 644 1748 incredibile
668 1683 755 1749 dictu
780 1691 830 1749 est
848 1685 1002 1768 -quotiens
1031 1684 1066 1748 in
1089 1684 1141 1748 his
1165 1685 1371 1751 brevissimis
1397 1687 1465 1770 epi·

306 1789 442 1874 graphia
475 1790 620 1874 legendis
651 1812 670 1854 a
697 1795 777 1874 quot
804 1789 883 1855 viria
910 1790 1121 1875 doctissimis,
1153 1813 1288 1876 quorum
1321 1793 1465 1858 nomina

307 1898 535 1981 supraposui,
562 1897 652 1962 miris
681 1896 785 1961 modis
813 1897 974 1961 variatum
1003 1895 1113 1982 sit.**)
1158 1897 1186 1962 Ε
1209 1899 1346 1983 reliquis
1378 1899 1461 1964 nihil

307 2003 521 2068 dubitationis
544 2004 595 2067 vel
618 2001 813 2068 VOLOANI
836 2004 886 2068 vel
910 2001 1151 2068 LAVERNAE
1174 2004 1310 2070 nomina
1334 2011 1460 2070 creant.

306 2109 374 2175 Nec
396 2111 470 2194 plus
494 2107 703 2176 SALVTES:
726 2109 935 2175 memorabile
958 2109 991 2174 id
1015 2111 1145 2195 quidem
1169 2115 1345 2196 propbetas
1371 2111 1459 2196 quod

293 2217 443 2281 *alterum
468 2217 650 2300 exemplum
674 2237 689 2282 e
711 2238 769 2300 pro
793 2219 806 2282 c'
828 2218 954 2282 litterae
985 2217 1082 2282 etiam
1106 2218 1140 2282 in
1164 2218 1314 2303 genetivo
1339 2219 1459 2283 tertiae

307 2323 533 2388 declinationis
559 2326 705 2389 servatae
729 2324 853 2389 accedit
875 2323 926 2387 illi
933 2373 942 2408 ‚
976 2324 1060 2407 quod
1089 2327 1139 2388 est
1162 2323 1397 2392 APOLONES
1425 2326 1456 2388 iu

306 2431 505 2496 venerandae
529 2432 701 2508 vetustatis
726 2452 797 2496 aare
822 2429 1008 2496 Monacensi
1033 2430 1117 2514 apud
1142 2429 1299 2496 Orellinm
1319 2454 1350 2499 n.
1370 2433 1455 2497 1433

307 2534 644 2622 [c.1.n.1n.187;
681 2537 716 2603 P.
735 2535 769 2600 L.
788 2535 831 2602 M.
851 2536 888 2601 E.
917 2536 982 2602 tab.
1005 2535 1109 2618 IIB].
1161 2535 1314 2621 Sequitur
1347 2537 1455 2604 Knnl

304 2644 469 2728 poculum,
505 2646 556 2709 cui
589 2643 776 2709 felicissimo
809 2665 959 2710 successu
992 2643 1068 2708 Rev.
1100 2643 1198 2708 Pater
1232 2641 1389 2710 Secchius
1421 2645 1454 2708 in

305 2748 392 2815 Diar.
419 2750 500 2814 Inst.
529 2751 615 2816 arch.
639 2774 667 2816 a.
689 2751 774 2816 1843
802 2773 832 2834 p.
853 2750 903 2833 72,
936 2750 1014 2814 item
1042 2750 1077 2814 iu
1104 2749 1384 2816 commentatione
1417 2751 1454 2814 de

306 2856 432 2920 musivo
466 2859 687 2923 Antoniniano
717 2857 840 2922 Romae
874 2857 985 2922 eodem
1015 2879 1102 2921 anno
1134 2856 1281 2941 vulgata,
1315 2855 1355 2925 de
1391 2879 1453 2942 qua

305 2960 476 3027 Hennenus
498 2963 626 3028 rettulit
644 2961 747 3028 Diarii
767 2963 854 3028 illius
874 2986 903 3046 p.
922 2963 992 3044 127,
1016 2961 1120 3026 lucem
1139 2961 1283 3028 admovit
1302 2986 1341 3028 ex
1356 2962 1452 3028 Pauli

305 3066 442 3133 Diaconi
466 3069 516 3133 his
541 3068 661 3152 sarbia,
689 3070 847 3152 excerptis
875 3091 892 3133 e
916 3067 1012 3132 Festo
1036 3090 1066 3150 p.
1088 3051 1151 3131 lab
1170 3066 1226 3132 M.:
1255 3066 1301 3133 ‘st
1328 3069 1362 3134 in
1388 3091 1452 3135 car·

305 3175 390 3240 mine
415 3175 531 3241 Saliari
556 3174 673 3242 Gerus
697 3199 828 3241 manua
852 3175 1052 3260 intellegitur
1075 3179 1204 3239 creatur
1227 3175 1353 3242 bonus?
1384 3175 1451 3242 Nec

304 3305 376 3348 meo
411 3305 505 3348 seusu
536 3283 795 3368 improbabiliter
826 3283 860 3346 in
889 3282 1068 3346 carminum
1097 3279 1272 3346 Saliarium
1304 3283 1449 3368 reliquiis

304 3389 516 3455 Varronianis
540 3391 578 3455 de
602 3392 622 3455 l.
641 3391 697 3455 lat.
713 3387 785 3474 VII,
804 3389 847 3454 26
872 3388 1007 3480 ‘duonus
1030 3409 1122 3452 cerus
1146 3385 1192 3451 es'
1216 3388 1316 3452 rerba
1339 3393 1449 3455 contra

392 3583 417 3649 ⁴²)
437 3581 521 3653 [Vide
546 3599 618 3636 nnnc
644 3582 672 3638 C.
692 3583 712 3635 Ι.
732 3583 761 3636 L.
787 3581 799 3634 l
823 3599 848 3636 n.
869 3587 916 3648 443
948 3578 1072 3649 repperit
1098 3580 1193 3634 auam
1220 3579 1293 3635 hauc
1322 3585 1447 3652 pataram

303 3671 441 3726 Brunnius
464 3669 578 3726 tandem
606 3670 635 3723 in
662 3671 758 3725 Museo
782 3669 938 3740 Campanae
962 3671 991 3723 et
1014 3668 1170 3723 accuratius
1195 3667 1353 3724 delineavit
1377 3667 1446 3740 (vide

303 3759 360 3814 tab.
376 3761 400 3814 X
415 3761 440 3814 G
459 3762 489 3814 et
502 3759 536 3814 cf.
552 3776 637 3829 supra
650 3777 677 3828 p.
692 3765 743 3814 266
757 3759 842 3827 adn).
854 3790 884 3799 -
900 3759 1049 3812 Praeterea
1067 3757 1133 3812 vide
1150 3755 1271 3826 quaeda
1287 3755 1446 3812 COERAE·

303 3849 446 3906 POCOLO
466 3848 505 3918 (C.
525 3849 546 3902 Ι.
566 3849 596 3903 1..
617 3849 628 3900 Ι
647 3867 672 3902 u.
688 3853 737 3914 453
763 3847 879 3918 Ephcm.
900 3847 986 3916 epigr.
1007 3846 1020 3898 Ι
1039 3865 1065 3916 p.
1081 3852 1097 3900 8
1116 3865 1142 3902 u.
1159 3850 1185 3914 6)
1209 3847 1325 3901 narrata
1350 3849 1446 3901 sunta

303 3938 457 3995 Ritschelio
483 3937 512 3992 P.
532 3936 561 3990 L.
581 3935 617 3991 M.
638 3936 668 3989 E.
692 3937 787 3990 Enarr.
813 3954 841 4005 p.
862 3942 908 4002 14,
941 3936 970 3989 in
993 3935 1102 3989 Priscae
1126 3934 1175 3989 lat.
1199 3935 1287 4004 epigr.
1311 3935 1445 4008 suppl.V

303 4049 330 4100 p.
350 4029 388 4083 lx
407 4045 447 4098 sq.
472 4027 501 4081 et
522 4025 609 4079 Musei
634 4025 721 4079 Rhea
741 4025 841 4079 t.XXI
860 4025 997 4093 (1866)p.
1012 4029 1063 4076 296
1079 4039 1119 4091 sq.
1138 4053 1171 4064 -
1195 4023 1307 4078 Nouum
1331 4023 1446 4082 accessit

303 4117 485 4174 AISCLAPI
495 4113 727 4182 ΡΟΟΟΟΟΙΟΜ,
746 4113 837 4182 quode
856 4113 919 4167 vide
933 4112 1042 4167 Priscae
1062 4111 1109 4166 lat.
1124 4112 1211 4181 epigr.
1226 4112 1318 4182 suppl.
1329 4113 1395 4183 Vp.
1411 4111 1444 4167 ΙΙΙ
1520 4163 1521 4177 ,

304 4206 385 4262 elci.
405 4205 521 4276 prem
540 4203 627 4274 epigr.
648 4203 705 4272 lp.
720 4207 822 4258 8n..5
860 4200 961 4273 GUW]

374 4295 416 4364 ⁸¹⁸)
435 4293 557 4366 [Reapso
580 4291 716 4362 scriptum
740 4308 800 4346 esse
819 4289 964 4344 BEbOttl
988 4291 1087 4360 postca
1110 4292 1282 4359 compertum
1306 4293 1362 4356 est·
1390 4307 1441 4360 quo
1519 4363 1520 4372 .

303 4385 398 4438 tamen
420 4381 532 4437 nomine
557 4381 675 4436 eandem
694 4380 838 4435 Bellonam
862 4379 943 4434 deam
968 4377 1107 4449 appellari
1131 4377 1259 4448 exposuit
1276 4377 1443 4434 Bitscholios
1519 4415 1520 4449 p

304 4471 333 4527 in
351 4471 461 4526 Priscae
480 4470 528 4526 lat.
549 4469 635 4539 epigr.
655 4467 746 4537 suppl.
766 4469 835 4537 Vp.
851 4468 896 4522 XI.
935 4467 963 4524 C.
979 4468 1037 4538 W.]
