3080 5142
482 375 766 424 svrrnuusnrvu
791 378 823 424 v.
1165 357 1230 422 559

99 524 144 584 sat
168 521 262 604 plane
290 520 457 604 explicari,
488 519 604 586 harum
633 525 740 585 autem
764 521 1033 586 conficiendarum
1062 521 1231 586 incorum

99 649 171 710 quae
197 649 282 694 nunc
312 631 388 700 sunt
417 631 603 710 temporum
635 627 795 713 angustiis
827 649 887 691 nec
919 627 1014 690 venia
1045 626 1140 690 nobis
1171 649 1231 692 nec

98 734 183 818 copia
210 738 271 818 ast,
303 734 339 798 in
367 732 437 798 sols
464 755 550 798 nunc
579 755 617 798 ea
644 738 737 817 parte
767 733 968 799 versabimur
991 754 1072 817 quae
1095 733 1136 796 ad
1158 755 1231 798 con-

99 841 322 906 iunctissimam
345 862 418 905 cum
441 841 659 908 architectura
681 841 912 926 epigraphicen
931 843 1066 924 spectat
1102 837 1152 902 Ex
1171 838 1232 903 hac

99 945 173 1010 enim
196 952 353 1032 quantum
377 969 474 1032 saepe
497 948 578 1014 lucis
602 949 636 1014 in
659 948 831 1013 historiam
854 947 934 1013 artis
958 946 1131 1030 redundet,
1159 969 1229 1012 eum

67 1067 72 1080 '
99 1053 162 1118 aliis
193 1053 393 1119 documentis
425 1055 552 1138 pridem
581 1054 783 1120 intellectum
816 1057 867 1117 est
898 1057 968 1118 tum
1001 1052 1095 1117 huius
1128 1054 1230 1137 ipsius

99 1162 287 1227 monumenti
315 1162 494 1248 insigniore
523 1162 671 1246 exemplo
700 1165 846 1245 apparet.
891 1159 1018 1243 Quippe
1046 1159 1093 1223 sic
1121 1161 1230 1224 existi-

99 1271 211 1332 matum
243 1271 294 1332 est
326 1269 368 1333 ab
400 1269 610 1354 elegantioris
646 1268 755 1333 iudicii
787 1267 974 1332 hominibus
1005 1266 1230 1352 Francogsllis

99 1373 258 1459 plerisque:
291 1379 361 1439 tam
389 1375 564 1441 manifesta
591 1375 793 1440 mausoleum
817 1373 978 1439 Glanense
1006 1373 1127 1438 indicia
1152 1395 1230 1458 prae

99 1503 127 1543 se
150 1482 232 1546 terre
260 1485 319 1547 aut
344 1481 488 1547 labantis
516 1482 597 1547 artis
625 1486 683 1547 aut
711 1502 812 1566 prope
835 1480 902 1544 iam
925 1480 1049 1564 lapsae,
1081 1482 1118 1544 ut
1150 1481 1231 1544 anti·

99 1587 208 1670 quictis
233 1589 351 1653 aetatis
376 1589 532 1674 cogitatio
557 1589 663 1654 omnis
685 1586 799 1672 procul
822 1585 972 1652 habenda
995 1586 1046 1651 sit.
1076 1584 1175 1650 Velut
1196 1586 1231 1650 in

99 1692 171 1758 hunc
194 1694 324 1761 modum
348 1695 492 1762 Millinus
515 1695 796 1761 commentabatur
818 1716 848 1777 p.
866 1693 933 1757 400
952 1714 1011 1777 sq.:
1039 1691 1175 1778 ‘Malgre
1199 1692 1231 1756 la

98 1799 202 1866 beaute
226 1801 265 1866 de
288 1803 472 1868 l’ensemble
500 1801 542 1868 du
565 1802 728 1867 mausoleo
758 1804 791 1865 et
813 1801 846 1864 la
869 1798 1057 1864 delicatesse
1080 1798 1119 1863 de
1143 1799 1230 1884 quel·

98 1929 165 1991 ques
187 1930 372 1992 ornemus,
403 1910 426 1974 il
451 1909 529 1975 offre
554 1909 610 1974 des
633 1909 775 1993 detauts3
806 1907 853 1971 les
877 1907 1030 1971 colunnas
1054 1906 1231 1990 canneldea

99 2035 164 2078 arec
184 2015 241 2080 des
263 2014 455 2099 chapiteaux
478 2015 676 2081 corinthiens
705 2018 739 2080 st
760 2015 817 2079 des
840 2014 935 2078 bases
959 2014 1114 2098 atticum,
1140 2015 1231 2078 n'ont

99 2141 148 2202 pas
169 2122 207 2186 de
226 2122 330 2204 justes
352 2123 577 2207 proportions;
600 2123 633 2187 la
656 2121 806 2186 corniche
830 2125 862 2185 st
885 2120 918 2184 la
940 2120 1019 2186 frisa
1037 2123 1169 2204 partent
1188 2119 1230 2184 du

99 2227 195 2292 milieu
219 2227 275 2291 des
298 2228 464 2313 solennes,
491 2229 680 2314 quinales
704 2233 897 2313 supportent
924 2249 983 2312 pas
1006 2228 1230 2311 entitrsment3

99 2331 154 2414 ily
172 2355 191 2396 a
208 2333 264 2398 des
287 2335 410 2417 parties
429 2334 631 2401 d'ornement
649 2335 904 2420 tres-grossiores
922 2337 955 2400 et
968 2334 1230 2420 tres-negligeres:

99 2439 171 2503 enfin
193 2439 218 2504 il
241 2445 291 2505 est
315 2441 383 2506 aisti
405 2441 444 2505 de
467 2443 538 2507 voir
561 2465 622 2527 que
646 2444 697 2506 cet
715 2440 828 2506 edifica
851 2440 904 2506 n’a
922 2463 981 2524 pas
1001 2441 1052 2504 ete
1070 2438 1132 2503 fait
1150 2439 1230 2505 dans

99 2541 123 2606 le
143 2545 202 2610 bon
228 2549 332 2630 temps
356 2546 394 2611 de
418 2546 504 2630 l'art3
532 2548 556 2612 il
584 2552 634 2613 est
657 2551 821 2612 suremsnt
843 2547 921 2612 d'un
949 2553 1073 2632 temps
1101 2549 1231 2631 poste·

99 2649 234 2717 ricard
256 2654 357 2718 celui
380 2654 446 2718 des
469 2653 686 2720 Antonius?
723 2655 799 2720 Alia
821 2677 903 2740 quae
926 2659 1021 2740 putat
1043 2653 1125 2718 vitia
1146 2655 1231 2718 vitu·

99 2777 200 2839 perans
226 2758 405 2824 Labordius
428 2783 458 2845 p.
478 2762 520 2826 83
541 2784 587 2846 sq.
619 2762 679 2826 etsi
704 2765 846 2827 aetatem
870 2762 987 2826 certius
1010 2760 1142 2826 definire
1165 2783 1231 2834 non

99 2867 140 2926 est
156 2887 261 2950 ausus,
283 2871 395 2932 tamen
413 2867 452 2931 de
467 2871 612 2952 tempore
633 2889 699 2933 non
714 2869 852 2932 multum
867 2872 990 2932 remoto
1005 2865 1092 2953 (‘uue
1107 2867 1230 2951 dpoque

99 2989 151 3050 peu
171 2972 323 3058 reculde’)
351 2974 430 3038 item
460 2974 611 3061 loquitur.
655 2974 767 3061 Longe
796 2979 829 3040 et
856 2974 1068 3039 confidentius
1097 2977 1130 3037 et
1157 2995 1230 3038 con·

100 3079 242 3161 temptius
264 3083 316 3146 vir
338 3081 582 3147 sollertissimus
602 3082 723 3146 iudicat
737 3081 879 3166 Prosper
893 3079 1047 3145 Marime‘e
1065 3082 1101 3146 in
1116 3081 1230 3147 ‘Notes

100 3180 161 3248 d'un
184 3208 308 3272 voyage
331 3188 411 3252 dans
439 3189 469 3253 le
494 3189 570 3252 midi
594 3189 633 3253 de
656 3188 689 3251 la
711 3185 856 3270 France'‚
886 3188 941 3272 qui
965 3188 1047 3252 liber
1072 3186 1230 3252 Bruxellis

100 3289 206 3370 prodiit
232 3316 259 3358 a.
281 3294 375 3358 1835.
427 3293 460 3358 Is
484 3295 569 3358 enim
597 3293 784 3378 praemissis
814 3316 844 3377 p.
864 3294 930 3358 300
957 3293 1010 3357 his
1034 3293 1152 3357 verbis:
1186 3291 1230 3355 ‘le

100 3397 238 3462 tombeau
261 3400 324 3464 m's
346 3421 428 3483 paru
452 3400 609 3484 mesquin‚
632 3400 764 3484 bizarrr,
788 3403 820 3464 et
839 3400 911 3464 d’un
936 3403 1017 3484 gout
1039 3398 1232 3484 detestable3

100 3501 118 3564 il
137 3508 183 3567 est
205 3505 396 3590 impossible
419 3505 458 3569 de
481 3527 522 3570 ne
545 3528 605 3588 pas
629 3507 732 3570 croire
755 3528 794 3570 en
817 3506 848 3571 le
871 3508 994 3588 voyant
1016 3504 1093 3589 qn’il
1117 3525 1231 3588 appar·
1247 3525 1268 3564 v

100 3607 170 3674 tient
201 3617 220 3676 a
250 3633 314 3676 une
344 3616 468 3698 epoque
500 3611 538 3676 de
570 3610 767 3696 de‘csdencc',
804 3611 978 3695 prolixiore
1010 3611 1230 3695 disputatione

101 3719 287 3784 mausoleum
316 3717 479 3783 Glanense
511 3739 583 3782 cum
617 3740 693 3782 arcu
723 3717 911 3803 triumphali
939 3722 1108 3801 comparat
1135 3740 1230 3802 quem

101 3824 234 3902 proximo
256 3826 347 3890 iuxta
370 3825 571 3890 mausoleum
592 3826 767 3891 intervallo
786 3829 985 3890 exstructum
1004 3824 1148 3908 plerique
1167 3846 1232 3888 una

101 3947 161 3994 cnm
187 3932 245 3997 illo
274 3936 308 3996 et
333 3935 517 3998 tractarunt
544 3937 577 3996 et
604 3936 899 4016 repraesentarunt
949 3931 1050 4007 Quem
1084 3953 1156 3995 cum
1189 3931 1230 3994 ab

101 4038 169 4100 artis
192 4039 356 4124 elegantia
377 4039 473 4124 longe
504 4040 664 4124 longeque
688 4041 854 4106 mausoleo
877 4039 1040 4124 praeferat
1063 4059 1135 4102 cum
1157 4023 1230 4102 Mil-

100 4137 166 4227 lino,
187 4143 358 4230 Labordio‚
380 4146 508 4230 ceteris,
540 4150 649 4211 tamen
677 4149 830 4231 quonism
857 4168 898 4211 ne
925 4145 1010 4210 hune
1034 4145 1164 4229 quidem
1186 4143 1230 4209 M.

14 4259 15 4264 ’
101 4247 212 4316 Aurelii
229 4252 366 4336 imperio
386 4253 601 4337 antiquiorem
621 4254 798 4319 arbitratur
817 4277 847 4336 p.
862 4253 936 4336 306,
960 4273 1157 4336 consequens
1181 4254 1231 4316 est

101 4357 131 4416 ut
150 4359 345 4424 mausoleum
369 4357 539 4425 Commodi
567 4361 618 4424 vel
643 4359 794 4444 Septimii
818 4357 927 4424 Severi
952 4358 1152 4442 temporibus
1175 4359 1231 4422 tri-

101 4457 180 4546 buat,
201 4487 334 4549 prorsus
357 4470 394 4530 nt
417 4470 490 4530 ante
514 4467 619 4532 visum
643 4471 713 4530 erat
736 4464 872 4529 Millino.
