3080 5142
464 379 746 428 svreununusvu
770 381 816 429 1v.
1148 367 1213 432 549

69 521 142 584 bens
166 522 271 586 etiem
296 523 359 588 elie
382 527 506 588 tessera
529 525 636 587 exstet
660 522 714 604 [ef.
728 493 856 586 Ritsohl
885 521 974 588 Tess.
998 524 1082 609 glad.
1105 547 1136 590 n.
1154 527 1211 608 25]

69 649 160 710 quem
186 628 291 694 telem
315 627 533 693 Mommsenus
557 627 651 692 finxit
673 650 704 711 p.
723 629 784 692 197
808 653 838 694 n.
855 629 932 694 735:

399 1041 473 1146 ss.
487 1039 891 1145 rustinus

370 1190 894 1308 *sistitur*

68 1407 115 1472 sed
141 1409 236 1474 euius
265 1431 333 1474 non
359 1409 482 1474 minore
509 1409 577 1474 iure
606 1409 708 1473 menti
734 1411 811 1474 tuae
840 1409 925 1474 hune
948 1410 1086 1494 speeiem
1109 1411 1208 1476 infor·

68 1516 177 1580 nabis:

396 1816 865 1883 SP·A·D·XV·K·DEO

463 1966 803 2042 orvs-Pons
854 1927 889 1932 -

442 2077 524 2082 ...-
581 2077 652 2082 -——
698 2076 754 2082 -—--
802 2075 843 2082 -0—

67 2295 182 2376 qusudo
207 2296 244 2360 in
268 2301 417 2361 neutram
440 2300 566 2381 purtem
590 2297 760 2382 quicquum
783 2295 830 2359 eis
849 2295 1045 2361 testimoniis
1064 2294 1205 2361 decerni-

68 2405 111 2464 tur
131 2401 252 2485 quibus
276 2402 372 2467 huius
396 2407 539 2468 tesserae
561 2402 680 2468 notitia
703 2401 808 2467 omnis
831 2400 975 2484 debetur,
999 2401 1142 2467 Bimerdi
1166 2403 1218 2466 de*

68 2505 93 2568 le
118 2505 229 2572 Bastie
262 2508 294 2573 in
320 2507 567 2574 Commentariis
601 2507 785 2573 academiae
816 2508 911 2572 inser.
941 2505 1204 2592 Frunoogelliese

67 2619 84 2674 t.
101 2613 156 2678 XV
185 2612 232 2700 (a.
258 2611 356 2698 1743)
384 2639 414 2699 p.
433 2617 498 2680 426
527 2621 560 2681 et
582 2613 701 2680 Millini
729 2614 762 2679 in
786 2614 949 2679 Itinerarii
972 2612 1084 2678 Freno.
1108 2617 1203 2680 meri-

67 2719 170 2784 dionul.
195 2725 219 2786 t.
240 2719 275 2784 II
298 2719 340 2807 (e.
362 2720 462 2808 1807)
484 2745 515 2806 p.
535 2723 609 2788 236.
655 2721 769 2806 Neque
793 2719 879 2786 enim
902 2719 1057 2784 omissum
1081 2719 1203 2802 domiui

67 2847 170 2892 nomeu
204 2827 307 2892 aliem
338 2832 451 2896 nostre
483 2828 644 2893 sententie
676 2847 823 2892 eeussum
856 2825 957 2891 habet
988 2847 1085 2910 quem
1117 2827 1203 2911 quod

68 2929 187 2998 Hermia
220 2934 356 2998 omnino
383 2955 450 2999 non
483 2933 547 2999 fuit
574 2955 591 2999 e
618 2932 754 3018 privetis
784 2931 973 3015 mancipiis,
1005 2931 1060 2996 sed
1092 2955 1203 2998 servus

67 3038 211 3118 publicus.

525 3202 736 3211 ..η-*-

140 3356 377 3443 Duodeviginti
396 3360 489 3423 anuis
508 3359 723 3444 antiquiorem
743 3361 884 3424 uetetem
904 3381 942 3422 ee
960 3362 1085 3423 tessera
1103 3363 1201 3424 teste·

67 3463 120 3544 tur,
146 3487 247 3549 quam
277 3463 382 3529 adhuc
405 3487 471 3530 non
494 3465 615 3531 editum
639 3465 698 3530 sub
723 3464 751 3530 0
772 3465 976 3530 exhibuimus
1001 3464 1055 3546 [cf.
1074 3463 1201 3528 Ritsohl

66 3565 140 3633 Tess.
162 3571 251 3656 glad.
275 3593 307 3635 n.
326 3570 347 3634 6
370 3570 479 3657 ibique
502 3572 568 3636 tub.
587 3571 678 3652 ID]:

411 4001 529 4106 son
557 4001 593 4104 u
611 4001 673 4104 ul
692 4000 837 4105 iun
855 4000 884 4006 “

360 4150 600 4254 ’μ’ἰἘὲκῗ
618 4145 683 4255 ou
699 4149 883 4256 ''ouu'“

68 4363 90 4426 h.
107 4389 128 4430 e.
154 4367 189 4432 P.
213 4366 367 4434 Cornelio
399 4367 538 4433 Lentulo
567 4364 624 4432 Cu.
653 4367 781 4433 Aufidio
809 4368 925 4433 Oresta
952 4366 1139 4431 consulibus
1169 4391 1196 4432 e.

68 4469 130 4537 683:
159 4475 250 4539 euius
275 4473 353 4538 suni
376 4497 473 4540 unum
496 4475 560 4539 iam
584 4495 778 4539 noveramus
795 4474 1018 4540 Victorienem
1046 4497 1066 4538 e
1085 4470 1196 4540 Cardi-
