2948 5048
170 345 232 408 116
445 363 668 411 nonvnuurn
692 363 927 412 arruaarffloa
951 365 1041 411 rme.

167 504 283 588 graphi
306 507 410 569 nostri
438 511 507 571 arte
537 512 570 571 et
597 507 755 571 industria
784 511 935 590 paratum
963 528 1037 572 cum
1059 526 1118 590 per
1142 506 1292 571 academici

167 608 265 674 officii
286 614 561 696 opportunitatem
580 614 667 677 haud
687 614 796 697 inepte
809 596 903 679 lorus
921 614 992 678 dari
1011 611 1169 697 videatur,
1186 617 1291 678 tantum

166 716 205 780 de
228 723 408 803 tempore
438 720 534 784 facti
565 721 659 784 olim
683 722 796 785 tituli
821 743 880 786 nec
901 720 1065 785 inutiliter
1087 720 1199 802 quaeri
1219 723 1290 805 puta·

167 847 238 890 mus
267 831 300 890 et
327 827 495 911 aliquanto
524 830 622 892 etiam
650 829 834 893 distinctius
865 847 963 911 quam
987 825 1092 891 adhuc
1119 826 1291 891 factumest

167 955 262 1016 posse
286 935 387 999 statui
411 936 639 1021 intellegimus,
680 936 726 1000 Et
750 936 964 1020 antiquiorem
988 933 1118 1017 quidem
1143 956 1225 998 anno
1245 928 1291 997 654

167 1062 245 1125 esse,
269 1043 321 1106 cui
345 1046 465 1107 temme
490 1044 720 1128 interpolatum
739 1043 837 1127 vulgo
861 1042 1021 1124 tribuunt,
1044 1042 1157 1106 multis
1175 1039 1293 1105 luculen-

166 1149 273 1232 tisque
298 1151 498 1234 argumentis
522 1151 634 1215 docere
658 1151 728 1236 ipse
753 1171 857 1215 sermo
876 1153 1020 1234 poterat:
1046 1171 1183 1233 quorum
1201 1149 1227 1213 si
1244 1143 1296 1212 alia

166 1256 249 1339 aliis,
273 1258 328 1321 ubi
352 1249 410 1342 per
433 1279 467 1322 se
491 1257 621 1342 singula
645 1257 852 1344 spectaveris,
875 1256 986 1341 paullo
1005 1255 1057 1321 vel
1081 1257 1219 1321 certiora
1235 1248 1302 1319 sunl

166 1364 217 1426 vel
241 1364 427 1447 incertiora,
456 1369 566 1429 tamen
594 1386 660 1429 non
688 1369 798 1449 potest
821 1386 886 1428 non
911 1364 1087 1449 plurimum
1110 1361 1217 1427 valere
1238 1373 1308 1426 con·

170 1468 280 1535 iuncta
298 1471 348 1535 vis
378 1471 530 1536 omnium.
577 1471 723 1537 Vertitur
751 1475 860 1536 autem
887 1470 964 1535 hinc
988 1470 1085 1534 ducta
1107 1457 1320 1536 ratiocinat'¹⁰

167 1578 201 1641 in
228 1577 279 1641 his
314 1599 395 1661 quae
428 1578 513 1643 infra
548 1579 640 1663 posui
675 1579 861 1644 vetustioris
894 1577 1069 1642 latinitatis
1101 1563 1320 1641 documenlii⁸

167 1681 428 1749 NOVOERJAM
465 1707 524 1769 pro
561 1683 794 1750 NVOERIAM
828 1684 880 1748 vel
917 1680 1151 1747 NOOERIAM
1186 1673 1321 1766 scripu

167 1788 371 1855 POSEIVEI
396 1814 455 1876 pro
474 1790 610 1875 POSVI,
632 1791 689 1855 AF
709 1789 856 1856 CAPVA
879 1812 938 1876 pro
958 1790 1016 1853 ΑΒ
1037 1787 1193 1873 OAPVA,
1216 1773 1321 1854 001

167 1896 422 1973 QVAEISIVEI
456 1921 514 1984 pro
548 1896 876 1974 OONQVAESIVEI
911 1897 962 1962 vel
991 1875 1321 1972 OONQVAISIVE

168 2003 348 2070 POPLICO
367 2004 576 2071 POPLICAS
600 2029 658 2091 pro
678 2003 864 2070 PVBLICO
884 2000 1108 2086 PVBLICAS,
1132 1988 1321 2068 ΡΑΑὸἸΪ4

166 2109 250 2174 RES
273 2134 333 2195 pro
357 2109 592 2195 PASTORES,
621 2110 741 2176 SVMA
764 2135 823 2197 pro
852 2108 1007 2175 SVMMA
1036 2131 1109 2174 cum
1138 2110 1321 2176 similitu

168 2219 284 2301 quibus
309 2218 503 2283 contrariam
527 2218 593 2282 vim
621 2218 721 2283 habet
743 2219 869 2283 adiecta
892 2218 925 2281 in
949 2216 1182 2282 vocabulorum
1206 2222 1321 2283 tert!

167 2325 298 2389 natione
328 2325 363 2391 M
391 2326 508 2391 littera.
555 2324 668 2389 Dicam
697 2326 735 2390 de
763 2325 813 2390 his
844 2324 1051 2410 singillatim,
1081 2324 1137 2388 sed
1165 2324 1321 2390 brevih‘

167 2436 199 2496 et
226 2433 319 2497 utin
342 2433 544 2518 gravissimis
567 2432 819 2517 certissimisque
843 2433 997 2496 desinam.

255 2539 303 2604 Ac
325 2540 465 2625 primum
484 2538 543 2604 OV
564 2539 742 2624 scripturae
766 2540 947 2624 exemplum
971 2539 1069 2603 medii
1093 2536 1223 2622 quidem
1246 2547 1321 2603 se

167 2648 230 2713 culi
258 2648 388 2732 septimi
416 2648 540 2712 nullum
568 2647 658 2729 novi,
687 2647 714 2710 si
743 2647 783 2710 ab
812 2670 877 2710 una
906 2646 1012 2711 radice
1041 2669 1080 2711 ea
1109 2666 1300 2711 recessere)

168 2776 231 2838 qua
261 2753 360 2819 IOVS
389 2753 530 2820 IOVSSI
557 2752 799 2819 lOVDlCARII
827 2752 1025 2818 lOVR-AR-II
1049 2753 1137 2818 facta
1161 2759 1249 2818 suut:

167 2861 219 2925 his
252 2862 337 2926 enim
373 2863 450 2928 solis
483 2863 624 2947 priscum
658 2861 818 2926 scribendi
849 2860 980 2925 modum
1012 2865 1109 2925 tenax
1143 2859 1321 2926 vetusta-⁴

168 2968 366 3033 consuetudo
394 2968 509 3053 legalis
538 2967 681 3032 servavit
709 2967 748 3030 ad
777 2967 883 3054 legem
912 2988 1013 3050 usque
1037 2967 1217 3032 Antoniam
1239 2975 1321 3030 at]

168 3076 296 3141 circiter
329 3077 402 3140 682.
454 3074 516 3140 Sed
549 3076 596 3139 ita
627 3078 737 3138 tamen
771 3073 913 3139 servavit
946 3078 995 3157 ut,
1029 3096 1101 3139 cum
1129 3075 1164 3138 in
1190 3071 1247 3138 SC.

141 3183 385 3248 ⁴Bacanalibus
415 3186 602 3246 constanter
630 3181 786 3265 scriptum
816 3180 859 3245 sit
886 3178 1054 3245 IOVSISE
1083 3159 1321 3246 lovslsnffi

168 3287 402 3353 IOVBEATIS
435 3285 733 3368 CONIOVltASE,
770 3288 955 3371 pariterque
992 3288 1026 3352 in
1065 3309 1137 3352 aere
1174 3282 1321 3352 Bantia·

168 3394 362 3462 10VD1010
413 3392 613 3459 IOVDICIA
668 3392 941 3459 IOVDIOETVR
996 3373 1321 3459 lovnlcnvntt]

168 3502 337 3568 lOVDEX
370 3500 597 3568 IOVRANTO
630 3500 903 3566 IOVRAVERIT
940 3499 1187 3565 IOVRARINT
1225 3498 1268 3565 10
1289 3479 1321 3497 Δ

169 3608 338 3692 chNTO,
368 3611 474 3694 prima
506 3609 644 3673 omissae
678 3606 704 3672 0
738 3608 886 3692 exempla
917 3608 982 3671 iam
1012 3607 1135 3692 lapides
1162 3592 1321 3671 Patavff

169 3717 245 3780 anni
278 3716 341 3780 617
370 3720 537 3800 praestent
564 3720 615 3780 ter
641 3712 759 3779 lvslu
793 3715 995 3796 exhibentes,
1029 3714 1129 3795 semel
1157 3710 1280 3779 IOVSI
1296 3692 1321 3727 ’

168 3823 253 3908 apud
280 3822 505 3887 Furlanettum
529 3822 605 3885 Ant.
634 3822 696 3906 lap.
725 3820 837 3886 Patav.
865 3845 896 3906 p.
920 3822 962 3886 68
987 3821 1067 3905 (tab.
1090 3818 1170 3885 XIII
1194 3818 1256 3905 sq.)
1303 3829 1321 3858 ⁴

168 3930 332 3996 Maffeiurn
359 3928 464 3993 Musei
488 3928 684 3993 Veronensis
708 3953 738 4013 p.
764 3929 826 3993 108
851 3927 901 4008 [C.
928 3928 953 3994 I.
976 3929 1010 3992 L.
1034 3928 1050 3992 I
1073 3951 1104 3993 n.
1131 3927 1208 3992 547.
1235 3907 1321 3991 542

168 4037 202 4101 l‘.
225 4037 259 4101 1.
283 4036 325 4100 M.
349 4036 387 4100 ll.
410 4037 476 4102 tab.
496 4034 575 4101 Vlll
590 4036 620 4100 A
636 4037 669 4100 B
683 4034 769 4121 01²⁸),
792 4036 864 4099 inde
888 4040 996 4100 autem
1022 4036 1063 4100 ab
1086 4035 1148 4099 hoc
1166 4035 1321 4119 tempos

258 4213 283 4279 *)
304 4212 387 4283 [Vide
405 4230 478 4267 nunc
496 4212 526 4266 P.
542 4213 573 4265 L.
592 4213 629 4266 M.
644 4211 675 4265 E.
691 4212 786 4266 Enarr.
806 4230 832 4280 p.
852 4217 895 4279 51,
914 4211 963 4265 ubi
977 4210 1047 4264 haec
1061 4209 1175 4279 scripsit
1187 4208 1321 4265 arache

170 4301 236 4355 liust
257 4301 415 4356 ‘Rationem
438 4301 512 4357 inter
535 4301 633 4356 titulos
651 4301 787 4371 gemellos
806 4301 879 4355 hanc
897 4298 1069 4354 intercedere
1085 4301 1212 4369 apparet,
1231 4303 1318 4368 quari¹

169 4394 234 4462 post
252 4392 444 4446 Furlanettum
463 4393 559 4461 paucis
578 4390 748 4462 significavit
761 4391 907 4446 Henzcnus
927 4389 972 4444 Or.
988 4392 1008 4444 t.
1024 4388 1072 4458 lll,
1091 4394 1162 4442 5114
1183 4390 1212 4444 et
1231 4392 1316 4443 511⁶:

169 4486 201 4537 ut
219 4481 332 4552 pristini
350 4483 376 4535 A
391 4501 409 4537 a
432 4484 461 4537 et
479 4482 507 4535 B
525 4481 601 4536 tituli
625 4499 686 4536 eum
707 4480 736 4534 in
755 4481 867 4535 modurn
891 4481 1072 4548 iterarentur,
1088 4478 1133 4533 illi
1146 4482 1180 4535 ut
1197 4478 1311 4535 evanidc
