3062 5142
277 403 529 450 snurlolroulsr:
553 402 706 450 LATINAE
731 402 992 450 conounsalvu.
1144 383 1206 448 251

67 543 216 598 duriuscule
236 543 270 597 id
289 543 404 612 quidem
419 561 471 598 usu
484 541 617 612 genetivi,
636 545 806 611 nectentem
825 541 848 598 si
862 541 930 612 quid
944 541 1075 611 sapimus,
1094 541 1210 596 reiecta·

68 649 118 686 neo.
142 663 174 672 -
197 632 357 688 Praeterea
374 631 469 687 neseio
488 648 544 702 qua
568 631 754 702 incogitantia
777 650 803 702 p.
824 631 862 686 IV
882 631 977 700 (supra
994 649 1021 700 p.
1037 633 1099 700 240)
1118 618 1210 684 E—H'O

69 723 166 776 litteras
183 721 393 791 interpretatus
412 739 472 778 sum
491 739 554 776 cnm
569 720 717 778 Servantio
735 719 824 776 Collio
843 719 928 776 Ecce
947 719 1071 788 Homo,
1090 735 1210 790 proquo

68 814 111 864 sut
127 811 171 864 En
190 809 310 865 HOmo
330 810 467 865 debebam
485 811 534 864 aut
548 810 666 864 fortasse
681 809 767 866 etiam
781 809 884 865 rectius
898 809 957 864 Est
975 809 1001 862 H
1007 808 1093 862 Omo.
1118 808 1211 875 Atque

70 899 164 968 pridem
182 902 213 955 et
232 900 290 954 hoc
309 898 421 954 viderat
438 901 467 954 et
485 897 631 954 metricam
653 897 777 954 indolem
800 899 947 961 verborum
972 898 1152 967 perspexerat
1170 895 1212 949 sir

69 988 200 1043 doctrinae
220 986 432 1058 praestantiam
450 987 633 1044 humanitatis
652 987 734 1054 laude
750 1004 872 1056 aequans
886 987 952 1042 Res.
968 985 1053 1042 Pater
1066 983 1211 1052 Marcus,

70 1075 175 1147 Collegii
193 1076 322 1133 Romani
340 1077 426 1132 decus
443 1079 527 1146 atque
546 1078 750 1133 ornamentum.

405 1505 571 1574 CVRAE
603 1503 879 1572 SECVNDAE.

148 1667 222 1733 Peg.
244 1667 298 1720 111
324 1667 421 1737 [supra
438 1683 465 1736 p.
479 1666 544 1736 238]
573 1665 641 1720 addi
667 1666 800 1736 poterant
821 1664 912 1721 aceto
935 1664 1018 1720 dictis
1043 1665 1112 1734 illis,
1141 1681 1213 1736 quae
1228 1677 1289 1717 xm

72 1755 135 1824 apud
153 1755 322 1812 Ciceronem
341 1757 415 1822 sunt,
433 1754 520 1826 ipsius
541 1753 681 1810 Ciceronis
700 1754 735 1809 de
754 1752 870 1809 Caninio
890 1755 1002 1810 consule
1021 1754 1134 1812 senarii:

218 1861 440 1932 vigilantem
458 1861 621 1916 habemus
639 1860 813 1916 consulem
832 1859 1025 1929 Caninium,

219 1951 287 2016 Qui
307 1950 341 2005 in
360 1949 542 2006 consulatu
560 1953 711 2005 sdmnnm
729 1966 793 2005 non
812 1949 903 2004 uidlt
920 1965 986 2004 suo.

74 2055 134 2110 Nam
152 2056 281 2111 senados
302 2071 361 2110 esse
379 2054 436 2108 iam
454 2053 581 2124 Scaliger
604 2054 686 2123 vidit,
712 2053 760 2124 qni
778 2055 807 2109 in
826 2052 972 2110 Catalecta
994 2052 1101 2123 recepit
1119 2071 1146 2123 p.
1160 2061 1212 2109 218

74 2146 209 2216 1111111311
230 2146 297 2200 Bet.
318 2160 342 2198 a.
360 2149 440 2198 1617:
468 2143 581 2197 tametsi
605 2145 634 2196 et
656 2142 724 2197 ordo
743 2141 891 2198 verborum
913 2143 981 2198 talis
1000 2144 1043 2198 est
1060 2141 1136 2212 apud
1154 2141 1213 2198 Ma·

75 2234 184 2289 crobium
203 2235 265 2292 Sat.
287 2234 328 2300 Π,
349 2240 374 2303 3,
393 2239 409 2288 6
432 2234 578 2288 consulatu
600 2248 650 2287 suo
668 2249 791 2288 semitam
809 2249 865 2288 nors
883 2233 969 2301 uidit,
993 2233 1023 2288 et
1045 2234 1134 2287 metro
1158 2249 1213 2287 non

75 2324 204 2378 sericeum
232 2328 353 2390 (κῶμμα
378 2339 441 2376 cnm
465 2321 541 2377 idem
569 2321 727 2376 Macrobius
746 2321 810 2390 VII,
829 2328 854 2388 3,
874 2327 907 2376 10
932 2321 1039 2391 profert
1064 2324 1126 2376 tum
1153 2321 1213 2392 ipse

76 2412 185 2479 prodidit
207 2413 312 2468 Cicero
335 2411 415 2481 epist.
439 2411 474 2466 ad
496 2411 635 2480 lamvll,
656 2415 742 2480 30,1:
768 2410 903 2480 aquibus
926 2409 1102 2480 aliquantum
1121 2411 1215 2465 differt

77 2500 215 2556 Trebellius
234 2499 332 2555 Pollio
351 2500 416 2570 trig.
435 2503 487 2568 tyr.
504 2505 527 2554 7.

150 2591 224 2658 Peg.
244 2589 302 2644 111
321 2603 365 2656 sq.
385 2590 414 2644 et
433 2588 455 2644 V
479 2589 576 2660 [supra
593 2606 621 2657 p.
637 2593 688 2641 239
715 2588 890 2658 91141111]Ι
928 2588 960 2642 ln
983 2587 1067 2642 titulo
1091 2586 1213 2642 Salariae

77 2677 184 2734 llernlce
202 2697 270 2733 oum
294 2677 363 2732 mihi
381 2676 497 2732 adsutus
515 2676 545 2730 in
563 2676 618 2731 dne
638 2677 823 2746 hexametrus,
844 2677 1018 2732 Mommseno
1037 2679 1132 2732 autem
1151 2695 1214 2731 cum

77 2765 127 2818 aliis
144 2767 176 2821 de
195 2765 309 2822 caussis
321 2769 381 2820 tum
397 2767 510 2834 propter
524 2763 660 2820 incertam
675 2764 796 2820 fontium
811 2765 894 2820 fidem
909 2764 969 2835 ipse
984 2765 1083 2820 titulus
1097 2765 1215 2821 fictitius

78 2853 139 2910 risos
151 2859 233 2925 esset,
254 2871 311 2909 nee
329 2854 387 2910 lere
401 2853 493 2908 minus
507 2856 653 2924 suspectus
663 2852 845 2910 Gruteriauns
858 2853 907 2910 ille
923 2855 970 2910 ‘er
986 2854 1124 2910 Zamosio'
1141 2872 1213 2910 sum·

78 2947 129 3008 ptos
146 2961 170 3012 p.
185 2948 249 3012 898,
267 2949 313 3011 lt,
330 2941 412 3012 probi
428 2942 570 3012 ceteroqui
585 2945 678 2998 eustos
693 2941 807 2998 senarii:
826 2943 936 3012 utrique
951 2941 1053 3000 indicio
1069 2943 1214 3000 commode

79 3029 190 3088 subvenit
202 3033 294 3088 besta
306 3029 441 3086 memoria
450 3031 570 3086 Arminii
579 3031 724 3101 Koechlyi,
743 3031 897 3096 hexametri
912 3034 1057 3102 parentem
1066 3033 1214 3088 Manilium

81 3117 159 3185 [l'‚1o
182 3119 417 3188 subministrans,
445 3119 546 3176 senarii
572 3119 731 3175 Phaedrum
749 3119 802 3189 ΙΙΙ,
822 3125 864 3187 17,
885 3125 926 3189 12,
954 3123 1079 3191 poetam,
1107 3126 1139 3178 ut
1161 3123 1215 3178 hoa
1243 3177 1246 3182 ,

80 3209 190 3279 exemplo
214 3211 351 3282 apparet,
379 3227 434 3266 uon
457 3210 524 3266 satis
547 3210 703 3265 lectitatum
729 3211 793 3279 post
814 3208 974 3265 tirocinium
998 3211 1119 3266 scholae.
1156 3211 1215 3268 Nea

79 3293 238 3355 incommode
269 3298 345 3354 idem
368 3298 526 3369 Koechlyus
550 3317 613 3354 oum
637 3297 739 3368 lapidis
762 3298 847 3354 villae
866 3299 1006 3369 Albanae,
1034 3317 1118 3368 quern
1141 3301 1215 3370 pv

80 3383 161 3454 [supra
177 3406 205 3458 p.
221 3388 289 3462 241]
310 3388 445 3456 tractavi,
464 3388 602 3444 sententia
616 3387 730 3442 Publilii
745 3388 809 3457 Syri
828 3387 994 3444 versiculum
1013 3395 1065 3444 2³8
1084 3391 1214 3445 contulit:

80 3471 214 3534 l'ortrina
238 3477 301 3532 dat
324 3477 433 3534 multa
454 3479 528 3547 risu,
557 3475 730 3546 mancipio
758 3476 856 3534 nihil.
894 3477 939 3532 Sic
962 3477 1036 3532 enim
1062 3479 1215 3548 transponi,

80 3579 138 3628 quse
158 3565 245 3636 vulgo
270 3565 435 3622 ordinantur
458 3566 487 3621 Ρ.
512 3585 573 3622 usu
601 3567 660 3622 dat
687 3567 808 3637 multa,
841 3567 1013 3624 concinnitas
1039 3583 1215 3623 numerorum

81 3649 146 3707 iube
161 3657 276 3724 praetor
294 3655 519 3712 controversiam.

154 3743 229 3812 Peg.
250 3743 294 3802 IV
324 3743 420 3816 [supra
441 3763 468 3816 p.
488 3745 552 3818 240]
578 3763 649 3816 quae
678 3745 745 3801 olim
773 3744 936 3802 addideram
963 3745 993 3801 in
1021 3746 1216 3818 appendice*)‚

82 3825 142 3884 infru
158 3832 265 3903 scripsi

157 3919 209 3976 ‘De
225 3921 397 3977 Gruteriano
416 3922 500 3977 titulo
518 3942 545 3993 p.
560 3928 622 3991 615,
639 3929 671 3977 11
692 3923 893 3978 commentanti
912 3923 1004 3978 fraudi
1018 3923 1072 3978 luit
1087 3923 1216 3994 Orellius,

84 4005 152 4062 av
167 4009 212 4062 ·V
237 4010 313 4082 sigla
335 4011 411 4066 Bene
435 4011 501 4066 Vale
524 4011 590 4066 Vale
617 4011 804 4082 interpretans
832 4031 858 4067 n.
879 4019 962 4082 4816,
990 4013 1217 4082 praetermittens
1312 4056 1318 4070 .

83 4095 163 4150 antem
179 4097 267 4168 plane
289 4099 441 4170 gemellum
464 4101 538 4170 apud
562 4101 679 4156 eundem
706 4101 785 4156 illum
805 4101 954 4157 Gruterum
972 4119 999 4171 p.
1015 4107 1075 4170 912,
1092 4109 1124 4157 10
1142 4103 1215 4158 hunc

84 4181 181 4241 tilulum
199 4187 280 4244 miris
297 4191 331 4244 nt
349 4191 466 4259 apparet
483 4189 572 4245 turbis
590 4191 765 4247 mendosum:

98 4503 103 4510 Ι
160 4421 185 4488 ⁸)
211 4421 257 4491 [ln
286 4419 433 4476 schedula·
448 4421 555 4478 adnexa
582 4420 797 4494 programmatis
826 4421 961 4492 exemplis
989 4423 1041 4482 hoc
1068 4427 1217 4494 παρόραμα

87 4505 280 4572 nguifieaverat
298 4507 476 4564 Bitschelius.
513 4511 541 4568 C.
556 4512 613 4583 W.]
