2948 5048
190 101 255 164 262
414 115 461 161 ua
486 112 663 162 sarvucuo
688 113 868 160 uvuroavn
892 111 1112 161 uvscvuuuo.

190 282 209 323 a
232 259 392 342 principio
415 257 524 322 nullas
547 256 712 338 habuisse,
736 255 792 320 sed
815 279 834 319 a
858 255 941 319 sexti
960 254 1090 319 demum
1109 254 1197 319 exitu
1215 252 1308 320 saecul
1408 238 1455 279 ⁵³

189 365 360 449 paullatim
384 364 552 429 ascivisse:
575 363 659 427 uude
684 384 749 427 non
772 366 821 426 est
844 363 962 426 mirum
985 360 1020 425 iu
1043 360 1117 427 aliis
1135 362 1187 426 vel
1206 360 1257 427 diu
1273 358 1310 423 sel

190 493 316 554 semper
335 471 525 535 fluctuatum
546 492 631 554 esse,
654 469 687 533 in
708 468 780 533 aliis
799 468 872 553 ipsa
889 467 947 532 illa
965 467 1208 533 consuetudinis
1225 467 1312 533 incon·
1446 535 1451 547 ,

190 577 312 641 stantia
336 577 501 642 commode
525 599 617 641 usum
647 598 718 641 esse
742 597 936 660 sermonem,
964 597 1029 660 qua
1056 574 1205 641 consulto
1226 572 1319 639 etde
1353 656 1358 673 ι

190 683 260 748 dita
284 705 382 767 opera
404 684 599 748 discerneret
623 681 799 747 ‘utilitatis'
823 704 938 747 caussa
961 703 1044 766 quae
1075 686 1190 766 suapte
1212 681 1326 768 origine

190 791 323 855 minime
347 791 486 855 discreta
510 794 632 855 essent.¹
674 789 766 866 Quod
794 810 896 873 genus
926 810 1020 854 omne
1044 788 1092 853 ita
1115 794 1335 873 comparatum

190 902 241 963 est
264 903 299 963 ut
322 900 418 983 louge
442 897 624 961 clarissima
646 896 735 960 illinc
756 896 811 960 lux
830 895 863 959 in
882 895 1088 979 quaestiones
1107 896 1344 979 grammaucaa

191 1004 349 1089 plurimas
374 1004 538 1067 redundet.
1458 994 1465 1003 ‘

279 1109 419 1174 Multum
452 1113 560 1174 autem
592 1109 725 1174 fallatur
759 1110 815 1193 qui
850 1108 902 1173 his
934 1106 1146 1194 cognatisque
1183 1094 1370 1192 exemplis

191 1219 382 1282 varietatem
411 1240 539 1282 omnem
569 1217 846 1281 teruiinaudorum
879 1215 947 1279 sive
975 1215 1009 1279 in
1036 1216 1103 1281 circs
1133 1213 1202 1279 sive
1229 1214 1262 1279 in
1285 1210 1390 1278 5¹¹⁵

192 1325 360 1389 nominum
389 1323 560 1408 gentilium
589 1323 773 1387 conclusam
801 1326 901 1406 putet
947 1321 1036 1398 Quae
1064 1325 1133 1388 tam
1161 1321 1227 1387 late
1249 1298 1404 1406 pate*

175 1435 231 1499 ,ut
253 1430 306 1493 vix
330 1429 414 1493 ullos
437 1429 519 1493 fines
542 1429 671 1493 lrabeat.
707 1428 784 1493 Nou
807 1428 954 1512 equidem
976 1429 1045 1494 ullo
1064 1429 1160 1495 modo
1179 1411 1415 1495 conten&

193 1541 329 1620 utraque
353 1536 458 1601 forma
481 1535 681 1620 singularum
704 1535 838 1600 uomina
857 1535 1003 1620 gentium
1022 1535 1128 1600 efferri
1147 1535 1245 1601 solita
1261 1527 1428 1601 ειέεῐ

194 1643 461 1728 quemadmodum
485 1665 543 1708 uec
563 1641 690 1707 Clodii
715 1642 837 1727 singuli
856 1642 909 1707 vel
926 1642 1048 1707 Plotii
1072 1642 1170 1707 etiam
1186 1638 1337 1707 Olauel-
1381 1606 1437 1683 il

194 1750 395 1816 etPlaut
351 1755 396 1816 t11
425 1751 504 1815 dicti
533 1754 622 1814 sunt:
656 1749 710 1813 sed
733 1752 770 1813 ut
792 1749 908 1814 horum
935 1749 1069 1814 nomina
1091 1771 1157 1814 nou
1181 1753 1258 1815 sunt
1277 1748 1407 1815 ot
1424 1715 1444 1779 1

194 1859 282 1943 gine,
315 1879 425 1921 verum
448 1879 507 1921 usu
532 1856 601 1920 solo
625 1856 765 1939 diversa,
792 1857 840 1921 ita
868 1857 993 1940 origine
1021 1880 1080 1921 sua
1106 1877 1175 1921 non
1195 1841 1451 1921 dirersss⁸

195 1985 267 2028 esse
289 1963 363 2027 illas
387 1963 634 2027 terminationes
658 1964 842 2047 pronuntio,
872 1963 1116 2048 potuisseque
1139 1962 1380 2028 uniuscuiuae
1402 1950 1457 1997 ξ’

196 2092 258 2155 que
281 2070 388 2153 gentis
407 2092 525 2134 nomeu
543 2093 583 2134 ex
606 2072 671 2134 -cio
691 2069 796 2135 forma
814 2071 954 2135 transire
973 2071 1007 2134 in
1030 2072 1097 2154 -c'o,
1120 2068 1322 2135 incredibile-
1400 2054 1463 2105 ¹¹

196 2177 417 2261 exemplorum
442 2177 683 2241 multitudinem
703 2177 782 2241 mihi
800 2178 992 2261 persuadere
1011 2177 1129 2261 patior.
1157 2174 1238 2253 Quis
1257 2174 1305 2241 eui
1410 2159 1467 2211 ²¹¹

197 2305 316 2368 quaeso
347 2305 367 2346 a
394 2282 553 2367 principio
586 2283 743 2348 discretos
775 2281 876 2347 fuisse
908 2282 1016 2347 credet
1049 2283 1138 2349 velut
1169 2283 1230 2348 hos
1262 2266 1469 2366 qast

197 2390 282 2455 iufra
304 2389 410 2473 posui:
435 2389 629 2453 Abiuaeos
656 2388 798 2473 (quando
822 2388 901 2453 haec
925 2412 1051 2474 quoque
1074 2390 1114 2454 ad
1137 2389 1224 2455 idem
1241 2372 1470 2475 gend-³⁸

198 2497 359 2581 pertruerc
384 2499 498 2560 cons
479 2492 584 2580 atet)
570 2494 787 2580 tAbinios,
811 2495 883 2559 Ae
869 2499 971 2560 eros
995 2495 1145 2581 Aetros,
1168 2478 1472 2580 Agrlerff⁸

1450 2563 1473 2626 1.

1399 2690 1473 2735 Δ.

199 2602 385 2687 Agillios,
412 2603 584 2687 Agneios
612 2602 773 2689 Agrios,
805 2602 935 2667 Aleios
966 2602 1077 2668 Alios
1107 2600 1307 2668 AlleiosA
1381 2638 1387 2643 -

200 2710 287 2790 lios,
312 2708 464 2774 Ameios
490 2710 673 2794 Ammios,
697 2709 872 2774 Ancaeos
896 2709 1053 2793 Ancios,
1073 2709 1227 2775 Anaaos
1249 2708 1356 2773 un-

200 2816 258 2879 ios
282 2814 401 2879 Auios
426 2815 605 2880 Annaeos
625 2816 794 2881 Anneios
814 2815 968 2881 Anueos
987 2815 1148 2898 Annios,
1162 2794 1473 2881 Αιιίοιιὶιῷ8

201 2923 374 3005 Anicios,
402 2922 479 2985 Aut
464 2924 572 2986 taeos
597 2924 758 2987 Anteios
787 2922 939 3006 Autios,
967 2922 1146 3006 Appaeos
1175 2904 1474 3006 Appeiff

202 3029 364 3113 Appios,
388 3029 561 3114 Argaeos
586 3029 742 3114 Argios,
763 3029 887 3093 Aruut
873 3029 974 3094 teios
994 3027 1182 3094 Aruntios
1202 3005 1463 3093 Arnus

201 3136 292 3219 tioS,
325 3136 395 3199 Art
381 3136 482 3200 teios
516 3136 666 3220 Artios,
698 3136 832 3200 Ateios
866 3135 980 3199 Atios
1009 3133 1167 3200 Atteios
1199 3133 1319 3200 Attio
1432 3108 1467 3155 ⁸

202 3242 377 3309 Ateleios
415 3243 598 3327 Atellios,
643 3188 799 3306 Atreios
842 3240 990 3324 Atrios,
1027 3239 1173 3305 Aueios
1216 3240 1321 3305 Aulo:

201 3350 391 3413 Bassaeos
415 3349 590 3432 Bassios,
608 3347 779 3412 Belleios
803 3346 965 3428 Bellios,
988 3346 1151 3411 Bureios
1172 3345 1355 3412 Burrioa
1464 3431 1474 3441 η

203 3455 382 3521 (lalceios
403 3453 568 3539 Coleios,
587 3453 746 3520 Coreios
766 3453 914 3548 Garios,
934 3452 1137 3519 Oasineios
1154 3451 1383 3519 Caninio*
1455 3449 1470 3456 ”

203 3560 354 3627 Celeios
387 3560 532 3643 (telios,
570 3558 731 3625 Coceios
764 3559 947 3626 Cocceios
980 3560 1133 3644 Ooeios,
1168 3559 1315 3625 Cosaci
1370 3551 1444 3592 θ

204 3666 375 3749 Cossios,
408 3666 636 3751 Crepereios
669 3666 887 3752 Creperios,
925 3665 1123 3750 Crispeios
1158 3662 1382 3750 Crispina!
1471 3653 1472 3656 1

203 3773 399 3838 Douneios
441 3772 629 3852 Donnios,
670 3774 851 3838 Etereios
895 3770 1137 3858 (Hetereios)
1178 3772 1389 3839 Eterioff

203 3881 359 3946 Fereios
379 3879 525 3964 Ferios,
544 3881 741 3946 Flacceios
761 3880 951 3963 Flaccios,
974 3879 1155 3945 Flaueios
1174 3878 1387 3945 Flauio?

205 3986 359 4052 Foleios
392 3986 524 4053 Folios
557 3988 721 4072 Pelliee,
754 3985 919 4052 Geueios
950 3985 1134 4072 Genuios,
1165 3984 1322 4053 Hatreio
1385 3961 1474 4012 l

207 4092 382 4176 Hatrios,
416 4093 573 4159 Heleios
601 4094 752 4176 HelioS,
784 4093 957 4159 Horaeos
986 4094 1142 4177 Herios,
1172 4091 1322 4158 Irineeo
1385 4067 1474 4120 l

207 4195 364 4278 Irinios,
406 4197 527 4263 lteios
561 4199 673 4281 reios,
713 4199 919 4263 luuaneios
951 4198 1148 4283 quauios,
1187 4197 1322 4265 Kareio
1384 4181 1470 4224 t

1438 3214 1470 3257 8
