3048 5140
269 347 335 412 294
593 363 640 410 un
661 361 855 411 s1or1u1uvs
879 359 1091 409 aronensem

270 507 314 572 sit
336 509 620 593 repraesentatum,
644 503 682 570 de
706 525 769 590 quo
784 504 913 569 Priscae
932 503 989 569 lat.
1008 504 1108 588 epigr.
1128 504 1231 587 suppl.
1249 501 1266 568 I
1290 527 1320 587 p.
1340 502 1428 568 XIV
1520 557 1521 562 ,

270 612 380 678 addite
406 611 612 697 diligentiore
641 611 863 696 inscriptionis
894 609 1110 676 delineatione
1142 611 1326 676 accuratius
1360 608 1429 675 dis-

269 723 419 804 putatum
443 723 501 802 est,
524 722 628 783 totam
647 739 718 783 eam
737 718 885 784 tabulam
903 714 988 803 hic(
1011 769 1018 782 .
1034 715 1079 804 X)
1097 716 1277 782 iterandam
1297 717 1430 800 curavi,

250 848 368 910 ,quam
382 823 467 890 infra
482 825 611 909 scriptis
627 825 734 892 verbis
744 824 944 891 Ritsohelius
962 847 992 909 p.
1005 825 1046 890 15
1057 847 1104 910 sq.
1119 823 1292 890 omnent.
1316 823 1429 903 C.w.]

230 948 256 988 1⁵
359 930 501 997 Tabulae
529 930 589 1015 XI,
627 953 711 1016 quae
742 935 871 1015 praeter
897 930 1041 997 XXXVI
1068 931 1246 998 novissima
1273 931 1430 995 omnium

212 1124 219 1132 ‚
271 1039 419 1122 accessit,
449 1038 564 1124 figuris
588 1037 619 1104 G
641 1037 728 1102 KL
750 1038 863 1122 figlina
890 1039 1021 1104 tabulae
1044 1039 1212 1123 proximae
1234 1035 1278 1120 X,
1306 1037 1429 1122 figuris
1520 1043 1521 1052 ’

270 1144 316 1209 Μ
333 1145 373 1210 N
391 1143 418 1210 0
440 1166 535 1210 aerea
557 1145 688 1210 tabulae
710 1143 726 1209 1
751 1144 894 1230 suppleri
918 1146 1016 1212 volui.
1063 1139 1072 1154 ’

361 1250 392 1316 G
415 1251 567 1335 poculum
586 1251 666 1315 olim
679 1249 976 1336 Millingenisnum,
999 1252 1054 1322 diu
1077 1251 1198 1317 frustra
1217 1273 1237 1316 a
1255 1271 1308 1314 me
1327 1269 1429 1334 quee-

273 1359 386 1440 situm,
421 1358 552 1422 tandem
580 1358 615 1422 in
642 1379 754 1423 museo
783 1356 967 1442 (lampenae
997 1357 1164 1444 indagavit
1190 1357 1330 1423 Brunnii
1362 1355 1430 1421 sol-

273 1464 381 1528 lertia:
405 1465 494 1528 cuius
513 1487 610 1528 manu
626 1464 825 1530 delineatum
842 1465 1023 1548 exemplum
1041 1465 1163 1530 imitati
1181 1485 1304 1530 sumus.
1327 1461 1429 1528 Vnde

273 1591 358 1636 nunc
392 1570 520 1634 demum
552 1574 639 1635 certo
672 1569 808 1635 discitur
836 1593 915 1655 uon,
951 1572 1036 1656 quod
1074 1571 1129 1636 diu
1167 1569 1325 1636 creditum
1368 1572 1430 1650 est,

233 1699 237 1704 ¹
274 1672 469 1742 BetoNaI
493 1675 570 1740 deae
593 1698 721 1760 nomen,
745 1677 800 1742 sed
823 1699 936 1761 reapse
958 1673 1156 1760 Betotal,
1178 1677 1217 1741 de
1240 1699 1304 1761 quo
1328 1677 1428 1740 dubi-

275 1783 415 1866 tabatur,
438 1783 595 1867 scriptum
611 1745 698 1848 esse.
746 1781 843 1864 [Vide
867 1779 902 1847 O.
920 1782 945 1846 Ι.
964 1781 999 1847 L.
1022 1782 1038 1846 I
1060 1806 1092 1848 n.
1110 1783 1176 1864 44]

363 1889 402 1952 Κ
419 1887 664 1972 inscriptionem
687 1888 774 1952 vasis
801 1888 912 1954 fictilis
940 1888 1020 1972 petii
1049 1911 1065 1953 e
1089 1888 1255 1956 Garruccii
1279 1887 1428 1953 ‘Graffiti

274 1995 313 2060 de
336 1994 485 2079 Pompei'
508 2018 539 2079 p.
558 1996 616 2060 25:
642 1996 712 2079 qui,
740 1995 835 2080 quale
859 2000 944 2060 esset
972 1996 1022 2060 vel
1045 1996 1102 2062 ubi
1125 2001 1287 2081 repertum
1310 2017 1428 2062 vascu-
1493 2003 1497 2012 ⁴

276 2103 341 2166 lum
366 2100 417 2165 vel
441 2123 460 2164 a
483 2121 546 2184 quo
569 2122 769 2184 possessum,
797 2100 904 2166 noluit
926 2123 985 2166 nos
1013 2104 1167 2169 certiores
1194 2104 1277 2169 fieri.
1325 2101 1428 2183 [Vide

277 2207 311 2272 e.
330 2208 354 2272 ι.
375 2207 410 2271 ι.
432 2207 449 2272 ι
471 2230 502 2270 n.
524 2207 622 2290 aaa
646 2206 783 2292 sputu.
806 2208 907 2293 epigr.
929 2207 945 2270 1
968 2231 998 2293 p.
1020 2210 1059 2274 11
1083 2231 1114 2275 n.
1135 2211 1197 2292 ts]
1340 2185 1351 2206 ⁸

365 2313 395 2378 L
421 2313 609 2398 deprompsi
636 2335 674 2378 ex
703 2313 823 2378 Aemili
850 2312 984 2379 Braunii
1011 2315 1045 2380 in
1072 2313 1216 2381 Menum.
1244 2319 1277 2381 et
1305 2315 1428 2381 Annal.

276 2420 356 2485 luet
380 2418 473 2486 Rom.
496 2441 524 2484 a.
547 2419 631 2484 1855
659 2441 688 2503 p.
708 2419 750 2484 52
779 2419 1011 2505 disputatione,
1042 2422 1100 2487 ubi
1126 2424 1237 2488 tamen
1270 2444 1336 2507 qua
1364 2422 1426 2487 fide

276 2529 399 2613 figuras
422 2526 606 2592 litterarum
630 2526 833 2610 expresserit,
856 2526 1023 2592 incertum.
1053 2526 1221 2618 Inmuseo
1237 2527 1427 2614 (lampenae

245 2635 376 2700 xetiam
410 2655 493 2699 nunc
525 2633 647 2698 servari
675 2631 877 2718 intellegitur
909 2654 946 2698 er
978 2633 1074 2700 huius
1104 2633 1272 2722 Gatalogis
1299 2635 1426 2702 Romae

278 2767 307 2808 a.
328 2741 413 2808 1859
436 2741 591 2825 vulgetis,
613 2739 670 2805 ubi
689 2739 769 2805 haec
787 2740 938 2825 leguntur
956 2740 1050 2806 class.
1068 2740 1117 2806 IV
1118 2743 1161 2826 ,9
1181 2765 1211 2827 p.
1225 2743 1284 2808 42:
1308 2741 1426 2810 ‘Busto

279 2845 373 2913 virile
401 2849 434 2913 di
462 2847 627 2912 alabastro
657 2843 742 2910 della
775 2846 953 2931 grandense
980 2845 1031 2911 del
1059 2869 1144 2932 vero,
1177 2849 1376 2933 e‘sprimeute
1402 2849 1425 2912 il

279 2956 410 3019 ritratto
439 2953 469 3018 di
494 2951 713 3038 personaggio
737 2956 877 3037 etrusco,
905 2953 1038 3038 Damae,
1061 2955 1099 3019 ·i1
1126 2955 1177 3020 cui
1204 2970 1301 3021 nome
1325 2978 1424 3041 appa-

280 3061 362 3125 riece
396 3059 447 3124 sul
479 3058 645 3143 pieduccio
678 3059 729 3125 del
762 3057 880 3125 busto?
925 3060 1015 3126 Inter
1052 3061 1164 3126 fictilia
1200 3061 1286 3146 quod
1320 3062 1425 3147 recepi

280 3166 423 3253 (quando
447 3164 529 3230 alius
552 3165 642 3229 locus
665 3166 773 3232 nullus
797 3167 928 3232 relictus
952 3165 1046 3253 erat),
1076 3169 1154 3234 satis
1179 3168 1290 3233 veniae
1313 3169 1350 3233 in
1374 3168 1425 3234 his

280 3295 351 3338 esse
370 3271 505 3337 Brauuii
529 3272 635 3336 verbis
659 3273 825 3338 inventum
849 3275 975 3358 putavi:
1000 3274 1126 3360 ‘questo
1149 3279 1254 3342 stesso
1277 3275 1425 3342 nemesi

280 3387 375 3447 trove
397 3379 540 3464 ripetuto
570 3401 667 3464 sopra
694 3400 739 3444 uu
768 3399 848 3465 gran
876 3381 982 3464 piatio
1010 3382 1043 3447 di
1072 3385 1160 3446 arra
1181 3382 1341 3447 ritrovato
1366 3379 1425 3449 con

282 3488 364 3553 altre
399 3485 552 3572 stoviglie
583 3487 671 3552 nella
707 3486 883 3551 medesima
919 3486 1051 3554 tomba’
1107 3486 1260 3553 Ceterum
1291 3488 1426 3555 Damios

281 3616 400 3660 nomen
427 3593 514 3659 haud
544 3595 610 3658 scio
639 3608 681 3658 an
705 3593 847 3678 aliquam
871 3594 1062 3660 affinitatem
1086 3617 1158 3660 oum
1182 3617 1220 3660 ea
1243 3596 1345 3680 stirpe
1370 3597 1425 3661 ha-

282 3702 368 3782 beat,
391 3700 474 3766 uude
497 3701 637 3766 Meuium
650 3699 770 3764 Daunia
792 3701 925 3766 nomine
947 3704 1121 3766 manarunt
1144 3723 1161 3767 e
1183 3700 1282 3767 Festo
1306 3724 1424 3768 memo·

283 3812 357 3872 rate
375 3806 477 3872 Psulo
499 3829 530 3890 p.
550 3807 602 3890 68,
622 3807 651 3872 8.
669 3806 699 3871 9.
741 3805 837 3888 [Vide
861 3805 895 3872 O.
915 3807 939 3872 Ι.
958 3806 995 3872 L.
1013 3807 1029 3871 I
1047 3831 1078 3873 n.
1099 3808 1248 3894 1494.]*)

372 4021 399 4086 *)
418 4017 462 4087 [K
478 4019 507 4072 et
525 4017 550 4070 L
569 4015 671 4072 iterata
690 4017 753 4073 vide
772 4017 802 4072 P.
823 4017 851 4072 L.
871 4017 908 4072 Μ.
927 4018 957 4072 Ε.
983 4019 1079 4088 Suppl.
1102 4018 1160 4074 tab.
1178 4017 1278 4073 XCVII
1297 4019 1331 4073 N
1347 4021 1379 4088 0,
1397 4019 1424 4074 in

284 4123 402 4176 quorum
421 4105 595 4162 enarratione
614 4109 652 4176 (p.
667 4112 702 4162 90
716 4109 768 4176 sq.)
786 4107 855 4162 haec
874 4105 985 4176 scripsit
1002 4105 1186 4162 Riteohelius:
1211 4107 1255 4162 ‘N
1270 4107 1423 4179 insciptio-

284 4213 361 4265 nem,
390 4210 474 4264 quam
499 4194 529 4250 in
551 4195 650 4251 tabula
673 4195 711 4250 XI
734 4195 830 4251 subL
852 4212 907 4250 nou
931 4196 1011 4265 potui
1030 4193 1084 4250 nisi
1107 4213 1122 4250 e
1147 4194 1261 4250 Braunii
1288 4213 1423 4254 commcn-

284 4284 363 4340 teriis
381 4287 484 4355 petere,
503 4285 641 4340 Brennius
661 4303 750 4355 nuper
767 4286 796 4340 in
811 4302 906 4340 museo
919 4285 1077 4354 Campanae
1095 4285 1258 4354 indagatam
1277 4285 1312 4341 de
1330 4287 1424 4342 archs·

284 4374 353 4442 typo
376 4373 446 4428 mihi
471 4373 647 4430 deformavit.
683 4373 796 4430 Leviter
819 4373 923 4428 incisae
946 4374 1058 4430 litterae
1081 4376 1146 4429 suut
1167 4373 1198 4430 in
1221 4373 1329 4444 patella
1346 4374 1424 4431 fictili

287 4461 377 4532 nigra.
423 4461 500 4516 Idem
523 4461 638 4523 utillo
667 4479 767 4518 nomen
793 4462 821 4518 in
849 4461 972 4534 imagine
999 4463 1163 4520 alabastrite
1191 4463 1267 4520 facta
1293 4463 1424 4520 iteratum
