2948 5048
287 114 294 121 '
411 128 619 177 namnoavu
643 128 907 188 anuronssmrs.
1164 111 1228 174 285

84 269 220 332 nomina
242 268 403 353 nequior
424 273 585 354 nequius
609 273 778 356 ipsumque
799 270 879 335 adeo
902 270 1080 354 nequitia
1102 270 1229 333 fierent:

86 370 116 436 id
140 374 228 458 quod
252 378 285 439 et
309 373 496 441 destituitur
519 378 684 462 exemplis,
707 383 740 442 et
763 381 877 461 suapte
900 381 1017 441 natura
1036 398 1102 440 non
1122 378 1230 458 potest

88 498 150 545 non
169 482 348 564 permirum
372 483 482 548 videri.
511 481 557 547 Vt
575 490 701 549 taceam
720 484 861 549 indidem
881 483 1006 547 scilicet
1025 485 1229 566 procreatum

91 603 203 652 novum
237 589 419 672 nequiter
451 591 647 655 adverbium.
694 591 807 676 Apage
834 592 935 676 igitur
962 588 1165 654 incredibilia
1197 591 1230 650 et

94 700 214 771 praeter
242 696 469 760 necessitatem
499 700 635 777 μονήρης
672 720 751 762 neve
780 696 909 789 aliunde
938 696 1047 760 venire
1070 717 1229 778 nequam

98 801 179 864 crede
202 801 266 865 nisi
289 802 373 866 unde
396 806 429 866 et
456 804 617 887 nequior
646 808 678 868 et
704 803 881 888 nequitia
909 809 942 866 et
970 803 1162 886 nequiter,
1191 824 1228 864 ex

96 904 236 971 obsoleto
260 929 408 992 nequus
437 910 488 973 vel
511 910 619 992 potius
642 931 785 994 nequos
814 911 964 993 positivo,
988 909 1167 992 composito
1191 929 1229 971 ex

88 1033 132 1076 ne
159 1016 193 1076 et
219 1035 378 1097 aequos:
411 1037 544 1099 prorsus
573 1019 608 1081 ut
636 1018 677 1081 ab
706 1017 872 1081 adiectivis
902 1017 969 1080 suis
997 1015 1229 1099 promiscam

84 1118 270 1183 bifariam
299 1120 565 1186 multifariam.
607 1121 675 1186 Nec
699 1122 808 1206 dispar
835 1124 919 1187 ratio
947 1126 997 1186 est
1024 1142 1169 1205 nequos
1198 1123 1231 1182 et

74 1225 242 1310 iniquos
276 1227 452 1290 formarum
485 1231 581 1312 atque
610 1227 726 1292 harum
759 1251 840 1313 quae
874 1233 949 1293 sunt
975 1227 1164 1294 nefandus
1197 1228 1231 1288 et

68 1331 283 1415 infandus,
310 1333 465 1397 nescius
493 1334 671 1398 nesciens
699 1335 915 1399 nescientia
943 1339 975 1398 et
997 1333 1143 1398 inscius
1172 1332 1229 1395 in·

65 1437 214 1504 sciens
242 1439 468 1523 inscientia,
495 1441 679 1525 nesapius
703 1438 877 1524 (Petronii)
900 1446 933 1505 et
955 1440 1147 1523 insipidus
1176 1439 1230 1502 in·

62 1528 248 1628 sspiens,
281 1545 494 1628 necopinus
524 1550 557 1610 et
583 1546 781 1630 inopinus:
812 1548 889 1611 item
920 1547 987 1612 sive
1014 1569 1133 1630 nepus
1162 1546 1229 1609 sive

62 1651 113 1713 de
156 1648 304 1736 Scaligeri
327 1649 376 1737 (in
397 1650 482 1717 Fest
507 1675 537 1736 p.
558 1653 621 1717 164
636 1653 694 1739 Μ.)
718 1654 879 1718 sententia
909 1675 1074 1737 neporus
1103 1656 1136 1716 et
1162 1652 1229 1715 im·

61 1777 128 1837 pu
143 1778 216 1842 rus,
247 1758 312 1823 nisi
341 1758 426 1822 forte
455 1758 553 1824 etiam
583 1760 703 1825 rectius
726 1759 936 1825 Doederlinus
960 1759 1008 1823 Vl
1031 1783 1060 1843 p.
1079 1760 1141 1822 271
1168 1779 1229 1822 ne-

62 1859 177 1939 pius
197 1866 343 1948 correxit,
367 1864 597 1930 eonferendum
622 1866 655 1930 id
678 1867 808 1952 quidem
832 1890 904 1932 oum
928 1867 1078 1950 impius.
1119 1865 1229 1929 Enim·

64 1983 169 2032 vero
189 1971 270 2054 quod
294 1973 335 2036 ad
358 1972 576 2057 significatum
601 1973 727 2056 attinet,
751 1975 812 2037 etsi
835 1996 901 2038 non
925 1972 1125 2038 incommode
1145 1971 1230 2038 Doe-

67 2065 229 2142 derlinus
252 2078 328 2143 hinc
350 2080 513 2163 profectus
538 2085 647 2144 estut
674 2103 835 2164 nequam
862 2080 941 2144 illud
966 2081 1231 2162 interpretaretur

69 2181 178 2252 quod
200 2185 233 2247 in
260 2185 383 2249 nullam
412 2189 537 2270 partem
568 2187 598 2250 h.
619 2209 644 2252 e.
669 2186 764 2251 ‘nulli
793 2185 855 2250 rei'
886 2190 984 2269 esset,
1015 2191 1125 2249 tamen
1154 2185 1229 2268 quid
1319 2270 1322 2275 Α

70 2272 223 2368 impedit
249 2290 420 2373 quominus
452 2313 513 2356 nos
542 2291 696 2377 ‘nequam
723 2291 904 2357 hominem'
933 2315 1006 2356 eum
1034 2292 1230 2374 accipiamus

72 2388 147 2492 {lui
179 2395 207 2460 id
234 2397 319 2481 quod
349 2402 399 2462 est
426 2420 564 2482 aequum
597 2422 662 2464 non
695 2404 801 2464 servet
833 2400 1058 2482 observetque,
1093 2419 1229 2482 aequum

71 2500 271 2587 metumque
304 2504 435 2570 modum
466 2528 532 2570 nou
565 2506 706 2590 expleat,
739 2529 814 2570 suas
843 2510 951 2589 partes
980 2529 1045 2570 non
1074 2507 1230 2587 exaequet

73 2592 258 2693 officioque
283 2612 471 2677 sustinendo
499 2634 567 2676 non
590 2635 648 2696 par
672 2613 735 2676 sit?
781 2612 875 2676 Vnde
903 2618 970 2676 tam
998 2611 1152 2695 proclivis
1180 2614 1230 2674 est
1284 2597 1288 2603 ⁸

73 2698 126 2764 δᾶ
166 2715 323 2800 vulgarem
356 2717 545 2782 inutilitatis
577 2718 629 2782 vel
658 2723 694 2782 ut
722 2740 835 2802 graece
864 2719 967 2782 dicam
999 2724 1057 2782 τοῦ
1090 2719 1231 2800 ἐνδεοῦς,

71 2793 248 2901 illucent,
271 2825 311 2902 μὴ
333 2824 544 2901 ἐξαρκοῦντος
564 2824 730 2888 notionem
753 2826 921 2906 transitus,
944 2829 980 2888 nt
1002 2824 1053 2889 vel
1077 2825 1122 2889 aio
1146 2845 1229 2888 com-

69 2915 275 2992 IllOdissime
303 2929 447 3012 potuisse
475 2930 657 3013 nequiter
687 2934 721 2993 et
747 2929 971 3014 frugaliter,
1004 2952 1164 3013 nequam
1198 2936 1230 2994 et

64 3000 193 3117 frllgi
228 3035 378 3099 notiones
417 3036 538 3118 opponi
575 3036 795 3120 intellegatur,
836 3037 925 3100 velut
960 3036 1045 3118 apud
1077 3035 1229 3100 Plautum

60 3102 241 3205 plQuduli
269 3164 297 3205 v.
315 3142 395 3206 468:
424 3140 536 3226 ‘Cupis
564 3166 615 3206 me
643 3165 712 3206 esse
740 3164 892 3226 nequam:
926 3147 1032 3205 tamen
1061 3163 1115 3205 ero
1143 3142 1230 3227 frugi

91 3245 214 3311 011ae.'
263 3246 373 3332 Ipsum
407 3251 515 3312 autem
548 3270 688 3332 aequos
725 3250 918 3314 vocabulum
950 3248 1111 3311 neminem
1145 3249 1231 3333 fugit

52 3336 186 3418 quam
212 3355 279 3418 late
307 3357 471 3438 patentem
499 3355 565 3417 vim
593 3355 704 3418 eodem
734 3354 848 3419 Plauto
881 3360 964 3419 teste
992 3354 1026 3418 in
1055 3356 1230 3418 vetustiore

48 3437 294 3525 POtissimum
331 3460 494 3526 latinitate
531 3459 690 3524 habuerit.
740 3460 873 3525 Accedit
904 3460 988 3543 quod
1021 3460 1144 3524 habent
1175 3462 1230 3543 qui
1244 3489 1271 3528 aa

47 3546 80 3594 θ’
128 3558 349 3652 fre-aequos
383 3567 566 3649 ordiuntur,
597 3588 661 3630 non
685 3566 807 3632 habent
834 3566 889 3651 qui
918 3590 937 3629 a
964 3565 1115 3648 nequis,
1148 3566 1231 3629 unde

44 3624 179 3765 Iilenti
201 3696 231 3757 p.
252 3674 323 3756 162,
343 3675 385 3738 23
409 3675 553 3757 glossam
577 3673 760 3756 expediant:
784 3672 995 3757 ‘nequalia
1018 3671 1231 3737 detrimenta?

49 3732 160 3841 1*⁹0
188 3781 274 3845 enim
304 3782 431 3866 aegrius
462 3780 627 3845 credemus
657 3781 904 3864 ne·aequalia
933 3779 1020 3842 dicta
1048 3799 1118 3841 esse
1148 3781 1230 3843 tam-

51 3865 186 3951 quam
219 3887 456 3972 inaequalia,
490 3911 586 3972 quam
614 3888 865 3971 no·aequiora
892 3890 1058 3970 tamquam
1085 3884 1230 3969 iniqui·

60 3976 169 4056 ⁰fa:
191 3997 236 4077 ut,
259 3993 288 4057 si
311 3991 493 4077 nequalia
521 3994 769 4075 interpretemur
793 3995 958 4074 tamquam
987 3991 1232 4079 iniquitates,

65 4078 154 4159 ¹¹011
175 4099 280 4164 lateat
302 4099 357 4184 qui
380 4099 506 4164 deflecti
532 4121 593 4163 vox
623 4100 664 4163 ad
692 4099 957 4163 detrimentorum
986 4098 1153 4163 notionem
1176 4123 1231 4184 po·

76 4175 196 4269 tuerit.
237 4204 346 4270 Vnum
370 4208 473 4269 restat
496 4206 578 4290 quod
608 4211 702 4290 egeat
726 4205 924 4270 defensione:
953 4228 991 4270 ex
1019 4227 1130 4270 neae
1158 4229 1229 4274 con·
