3080 5142
482 410 763 457 svsrnnnsurvu
786 413 818 458 v.
1156 397 1222 462 565

94 551 181 635 broit,
203 573 397 637 quamquam
421 553 528 637 ipsum
553 553 718 618 vasculum
742 553 784 618 ab
807 553 853 618 Io.
872 552 969 619 Petro
988 552 1123 620 Seechio
1147 553 1177 620 S.
1196 555 1221 620 1.

93 659 158 723 olim
180 681 363 743 possessum
387 681 451 742 quo
470 659 617 744 gentium
636 660 820 743 pervenerit
838 660 1018 744 ignoratur.
1051 659 1220 746 Suspecta·

92 766 138 830 bat
166 765 248 830 hanc
279 765 524 850 inscriptionem
554 765 774 832 Mommsenus
808 763 843 830 O.
866 765 892 830 Ι.
915 765 951 830 L.
978 765 994 830 I
1023 787 1053 830 n.
1076 766 1120 832 45
1147 789 1221 832 cum

91 875 211 956 propter
232 873 296 936 alia
319 875 415 957 (quae
434 873 496 936 etsi
515 872 626 938 videor
642 873 787 938 divinare
806 894 909 957 posse,
932 877 1042 936 tamen
1061 873 1220 957 gravioris

92 981 230 1044 nomenti
253 1001 324 1045 esse
351 979 405 1044 vix
433 977 630 1064 putaverim)
657 982 727 1043 tum
755 982 888 1063 propter
911 979 1067 1043 omissam
1094 979 1128 1043 in
1151 979 1220 1046 PO-

92 1083 183 1150 COlO
205 1086 348 1150 litteram
371 1084 516 1168 finalem,
540 1106 637 1169 quam
661 1089 770 1149 cetera
793 1106 869 1148 sane
893 1084 1011 1169 pocula
1033 1091 1220 1152 constanter

91 1196 214 1256 servant.
245 1192 360 1277 ltaque
382 1213 441 1256 nec
464 1190 579 1254 inutile
602 1211 661 1255 nec
684 1189 893 1255 iniucundum
916 1190 1014 1256 fucrit
1032 1190 1073 1256 ad
1092 1214 1130 1257 ea
1149 1194 1218 1258 ani·

91 1321 164 1363 mum
187 1299 367 1383 advertere,
395 1319 477 1382 quae
500 1297 563 1361 huc
586 1295 783 1380 pertinentia
806 1296 926 1360 litteris
950 1297 1144 1382 gratissimis
1169 1322 1219 1364 ae·

90 1410 169 1488 cepta
199 1405 304 1471 refero
338 1427 357 1468 a
389 1403 588 1488 gravissimo
622 1402 736 1467 iuvene
768 1401 870 1486 deque
904 1403 1113 1488 epigraphica
1147 1412 1216 1472 arte

90 1511 155 1576 bene
177 1513 331 1577 merituro
355 1509 472 1576 Carolo
495 1509 759 1595 Zangemeistero
783 1507 887 1573 Roma
910 1509 951 1573 ad
974 1531 1026 1574 me
1049 1511 1144 1577 datis.
1184 1513 1215 1578 Is

89 1619 160 1682 enim
187 1641 259 1684 curn
287 1640 346 1702 per
373 1616 499 1681 itineris
522 1614 654 1680 Etrusci
682 1615 885 1680 occasionem
908 1613 1047 1682 Hortum
1075 1621 1217 1686 venisset

88 1723 139 1808 (cui
163 1747 248 1790 nunc
273 1725 344 1790 Orto
370 1721 517 1810 nomen),
555 1721 641 1806 apud
668 1722 821 1788 clericum
850 1723 1010 1806 quendam
1040 1724 1156 1791 incidit
1181 1728 1216 1792 in

88 1833 235 1915 exemplar
258 1831 513 1916 ‘Antiquitatum
536 1829 672 1896 Hortae'
696 1830 737 1894 ab
760 1828 851 1894 Iusto
875 1827 1071 1896 Fonteninio
1092 1831 1216 1898 Romae

87 1938 295 2022 evulgatarum
320 1961 348 2003 a
371 1938 464 2020 1708,
497 1936 584 2023 quod
612 1936 666 2019 qui
695 1937 769 2000 ante
796 1934 1000 2022 possederat,
1032 1959 1091 2002 sua
1118 1961 1215 2004 manu

87 2067 253 2131 magnaque
283 2044 465 2130 diligentia,
503 2041 658 2128 quidquid
690 2041 861 2106 titulorum
899 2064 973 2108 cum
1002 2043 1215 2112 Etruscorum

86 2153 142 2215 turn
163 2151 355 2216 Latinorum
378 2154 454 2236 post
472 2149 702 2215 Fontuninium
725 2152 927 2231 repertorum
951 2149 980 2214 ei
1003 2151 1157 2236 innotuit,
1181 2154 1215 2218 in

86 2257 136 2320 fine
156 2257 232 2322 libri
255 2259 441 2343 adscripsit:
465 2257 497 2321 id
521 2255 606 2341 quod
629 2259 705 2340 post
728 2277 848 2320 annum
866 2255 962 2321 huius
982 2259 1102 2323 saeculi
1120 2259 1213 2324 XXX

86 2363 191 2430 lectum
214 2387 284 2430 esse
307 2365 430 2429 inserta
453 2363 627 2429 diariorum
652 2361 854 2447 publicorum
874 2364 1028 2430 schedula
1046 2365 1156 2431 docuit
1174 2367 1214 2432 ad

85 2471 260 2536 seditionem
283 2474 459 2559 turbasque
482 2472 681 2538 Polonorum
712 2474 870 2554 spectans.
916 2471 967 2537 Ibi
990 2472 1092 2558 igitur
1115 2475 1213 2539 etiam

85 2577 175 2658 poculi
198 2579 304 2662 figura
327 2579 415 2662 picta
434 2581 496 2659 est,
519 2577 665 2661 proxime
683 2599 722 2641 ea
741 2575 895 2641 accedens
915 2577 955 2643 ad
973 2578 1103 2642 illarum
1125 2579 1213 2643 sirni-

85 2681 239 2749 litudinem
267 2707 347 2770 quas
375 2684 411 2748 P.
432 2683 468 2748 L.
490 2681 534 2747 M.
557 2682 595 2746 n.
617 2681 733 2747 tab.X
761 2682 820 2746 sub
844 2684 931 2747 cde
957 2687 1211 2768 repraesentavi-

85 2810 151 2874 mus,
165 2791 225 2857 hac
240 2793 367 2877 quidem
383 2791 494 2856 addita
512 2789 723 2873 inscriptione
737 2776 903 2856 COTth
921 2787 1094 2856 POOOlO.
1122 2791 1211 2878 Ergo

84 2896 148 2977 quin
170 2898 331 2962 exstiterit
356 2897 423 2961 tale
451 2896 631 2977 vasculum,
667 2894 762 2978 idque
785 2895 909 2961 Hortae
937 2901 1099 2984 repertum
1127 2899 1211 2964 unde

84 3002 167 3068 etiam
196 3001 430 3070 tuvlsssNul
461 3007 556 3087 atque
585 2999 784 3066 Sunvuns
811 3004 929 3086 pocula
955 3006 1114 3088 prodiisse
1138 3027 1210 3071 con-

84 3115 150 3194 stat,
180 3113 245 3176 iam
277 3109 426 3176 dubitare
459 3107 548 3173 nullo
581 3107 677 3172 modo
694 3107 798 3190 licet,
836 3130 1032 3194 quamquam
1064 3112 1103 3175 de
1136 3134 1212 3178 vera

84 3215 205 3283 lectione
227 3239 293 3282 non
316 3217 426 3302 potest
448 3236 513 3279 non
537 3235 653 3299 anceps
671 3235 743 3278 esse
761 3213 925 3280 iudicium.
960 3216 1006 3282 Et
1023 3218 1122 3283 tertia
1141 3221 1210 3304 qui-

84 3321 143 3386 dem
160 3323 268 3390 littera
285 3323 323 3402 Τ
344 3323 497 3406 quoniam
515 3321 812 3404 interpretationem
833 3322 966 3387 omnino
984 3325 1115 3408 respuit,
1138 3346 1210 3408 pro·

84 3428 160 3494 clivis
187 3453 264 3496 sane
292 3429 331 3494 de
361 3428 505 3494 evanidis
537 3427 667 3491 lineolis
700 3426 824 3491 duabus
856 3429 1042 3496 coniectura
1070 3435 1120 3495 est
1146 3455 1210 3516 qua

84 3517 219 3602 COFBA
247 3559 367 3602 nomen
390 3537 637 3621 redipiscamur,
663 3538 691 3602 n
719 3535 849 3601 litterae
875 3535 1139 3620 figursrminime
1163 3539 1209 3604 in·

83 3641 167 3708 solita
189 3645 221 3710 in
242 3645 349 3710 titulis
372 3643 605 3710 vetustioribus
627 3644 679 3708 vel
703 3644 780 3710 stilo
802 3643 976 3726 inscriptis.
1019 3643 1112 3720 Quod
1135 3645 1208 3710 reli·

83 3769 166 3830 quum
189 3757 250 3837 cst,
283 3753 344 3818 etsi
371 3775 430 3818 nee
457 3751 620 3818 Poooto
648 3752 869 3817 nominativus
899 3773 957 3835 per
980 3773 1013 3815 se
1036 3751 1207 3836 quicquam

83 3855 251 3924 offensionis
284 3859 384 3924 habet
412 3883 450 3926 ac
477 3860 616 3925 fortasse
643 3881 683 3925 ne
711 3857 856 3924 OOERA
884 3857 1012 3941 quidem
1041 3858 1208 3942 genetivus

83 3959 178 4045 aliqua
200 3965 383 4032 defensione
407 3972 510 4032 caret:
537 3963 663 4053 (quidni
686 3966 784 4049 enim,
808 3987 872 4048 quo
895 3964 964 4028 iure
987 3963 1114 4028 dativus
1137 3962 1207 4030 FE-

83 4063 207 4136 RONlll
228 4071 411 4138 MATVTA
435 4070 637 4138 Nonntlu
659 4069 849 4154 ΜΛΒΙΟΛ,
878 4069 1115 4135 nominativum
1139 4069 1208 4154 plu·

82 4173 168 4242 ralem
199 4177 419 4244 MATRONA
456 4179 609 4244 incultior
644 4180 807 4264 quondam
846 4177 958 4262 lingua
989 4176 1141 4261 probavit
1172 4177 1206 4241 in

82 4279 154 4344 saxis
176 4282 432 4368 Pisaurensibus,
454 4285 554 4350 etiam
577 4285 763 4370 genetivum
784 4283 956 4368 aliquando
980 4283 1124 4368 potuisse
1147 4283 1206 4347 im-

82 4386 170 4451 minui
190 4387 365 4478 largiarel)
387 4393 499 4454 tamen
521 4390 674 4474 quoniam
696 4395 847 4456 neutrum
870 4411 908 4454 ex
927 4388 999 4474 ipsu
1018 4390 1207 4475 poculorum

83 4509 184 4573 genere
206 4495 377 4581 quiequam
403 4497 598 4562 firmamenti
625 4495 738 4582 habet,
768 4497 871 4562 satius
899 4518 977 4562 sane
1005 4495 1103 4561 fuerit
1126 4497 1205 4562 duce
