3062 5142
288 389 540 438 ANTHOLOGIAE
564 390 716 438 LATINAI‘}
741 391 1002 440 OOROLLARIVM.
1156 377 1221 442 245

81 531 231 616 graphicis
255 554 324 598 non
348 533 478 618 desunt,
501 555 583 618 quse
606 555 723 617 prosae
747 535 903 600 orationis
927 534 1012 600 falso
1036 536 1143 620 specie
1167 535 1219 600 de-

81 639 189 722 cepisse
213 639 489 724 epigrammatum
520 642 756 727 conquisitores
783 643 908 708 mirere.
953 642 1033 707 Eius
1061 643 1108 707 rei
1132 643 1218 708 lucu·

80 747 157 810 lento
186 746 385 812 documento
417 739 646 813 Fabrettianus
678 749 794 814 titulus
826 749 890 831 111,
914 750 956 815 28
986 771 1017 833 p.
1043 749 1104 814 123
1139 753 1218 833 esto,

79 853 178 919 ductus
207 853 260 919 ‘ex
292 855 418 930 schedis
437 854 606 920 Vaticanis
636 856 721 941 apud
745 856 779 924 P.
804 853 977 921 Oiaconem
1001 856 1062 920 sub
1080 856 1218 922 Pincio':

79 961 116 1024 sic
145 962 232 1026 enim
273 962 470 1047 subscripsit
501 960 695 1027 Tabrettius.
753 961 836 1028 Eece
868 937 987 1046 lapidis
1022 963 1216 1046 scripturam

79 1066 197 1132 diuidis
220 1069 273 1134 sui
298 1071 391 1154 purte
414 1067 534 1132 mutili:

173 1191 201 1268 Q
248 1227 257 1242 ·
307 1192 342 1258 Μ
364 1192 394 1257 Α
417 1191 496 1258 Rc
542 1227 550 1242 ·
596 1243 1031 1259 .........
1229 1209 1289 1250 v111

173 1298 303 1366 HAVE
327 1298 472 1366 DVLOE
495 1297 655 1365 NOBEIS
679 1297 804 1365 NOME
851 1349 1070 1365 .....

172 1404 411 1472 STEPHANE
434 1405 570 1472 VITAE
594 1404 795 1472 NOSTRAE
843 1457 860 1470 ..
896 1457 902 1470 .
948 1459 955 1472 .
1002 1458 1009 1472 .

172 1511 296 1577 VERE
322 1510 565 1577 CHORONAM
589 1512 645 1576 TE
671 1511 801 1577 ACEPI
847 1562 855 1578 .
900 1563 907 1578 .
954 1565 960 1576 .
1006 1564 1013 1578 .

172 1617 364 1685 uoscffls
388 1616 478 1684 TVA
502 1619 558 1684 TE
583 1617 780 1685 SALVTAT
802 1618 913 1684 ETD
959 1669 966 1685 .
1012 1673 1018 1686 .
1065 1671 1073 1687 .

171 1725 229 1790 ET
252 1723 437 1790 BLANDA
460 1723 618 1790 DVLOIS
641 1725 758 1791 PVPA
780 1725 911 1793 DELIC
957 1779 964 1792 .
1010 1779 1017 1793 .
1062 1779 1069 1794 .

172 1831 228 1897 nr
252 1829 381 1908 avum
404 1830 463 1896 rv
486 1829 585 1896 rvrs
608 1830 807 1898 usmsvs
830 1831 893 1897 nv
939 1884 946 1898 .

173 1937 379 2002 OFATVM
402 1936 642 2004 INFELIOEM
665 1937 742 2015 QVI
765 1940 820 2006 TE
844 1939 874 2004 Ν
920 1991 927 2004 .
974 1992 981 2005 .
1026 1993 1033 2006 .

172 2044 301 2110 HAVE
325 2042 465 2110 CASTA
488 2043 684 2110 CONIVNX
708 2044 766 2111 ET
788 2045 823 2110 Μ
862 2098 869 2112 .
915 2096 923 2111 .
969 2097 975 2111 .
1022 2099 1028 2112 .

171 2151 299 2218 HAVE
321 2149 373 2215 ΜΙ
395 2149 590 2216 DIODORE
614 2149 753 2217 AMICE
777 2151 864 2218 ΕΒΑ
910 2206 916 2220 .
963 2205 969 2219 .
1016 2207 1022 2220 .

170 2257 268 2324 NAM
295 2260 353 2325 ET
376 2259 503 2325 AMICI
526 2257 697 2325 OFFICIA
720 2259 777 2324 ΕΤ
800 2259 960 2326 ΡΙΕΤΑΤ
1008 2313 1015 2326 .
1061 2313 1068 2328 .
1114 2315 1120 2328 .

170 2365 300 2431 HAVE
323 2365 438 2431 PVPA
461 2364 642 2431 BLANDA
666 2363 812 2431 ANIMA
835 2366 870 2431 M
916 2417 923 2432 .
969 2417 977 2434 .
1024 2419 1031 2432 .

171 2471 299 2548 QVEM
320 2471 384 2538 NV
385 2471 471 2538 PER
493 2471 708 2538 PARARAM
731 2473 791 2538 VT
814 2473 907 2538 HAB
953 2526 959 2539 .
1005 2528 1012 2541 .
1059 2528 1066 2541 .

83 2611 166 2679 Huius
187 2615 276 2680 tituli
302 2619 384 2700 quot
406 2637 527 2700 versus,
556 2620 607 2682 tot
629 2616 697 2680 fere
720 2638 790 2682 esse
814 2617 1015 2683 senariorum
1039 2619 1209 2704 principia,

83 2721 124 2802 qui
147 2723 284 2808 aliquem
315 2722 402 2812 artis·
423 2745 517 2788 usum
543 2723 678 2807 habeat,
713 2724 928 2808 persentiscat
954 2729 1083 2810 oportet
1111 2726 1207 2792 simul

84 2831 159 2910 atque
183 2830 286 2894 oculis
319 2829 520 2913 percurrerit
565 2829 617 2894 Ad
645 2831 878 2895 sententiarum
906 2835 1014 2896 autem
1047 2832 1207 2898 rationem

83 2934 149 3014 quod
169 2937 305 3020 attinet,
334 2937 376 3000 ab
404 2935 496 3002 initio
526 2940 661 3020 apparet
682 2936 719 3013 Q.
738 2937 853 3002 Marcii
876 2937 1113 3004 adlocutionem
1136 2963 1207 3006 essa

84 3039 113 3102 ed
132 3047 286 3108 mortuam
312 3065 444 3109 uxorem
468 3041 655 3127 Stephauen
677 3044 909 3128 pertinentem,
933 3045 967 3110 in
990 3067 1092 3130 eaque
1120 3046 1205 3112 adlo-

83 3145 187 3213 cutione
204 3149 406 3215 mentionem
424 3149 495 3214 fieri
514 3150 732 3215 communium
752 3149 926 3216 liberorum
948 3155 1113 3236 quattuor:
1137 3152 1204 3218 Mo-

84 3251 190 3338 schidis,
215 3255 354 3322 alterius
377 3255 544 3321 cuiusdam
566 3256 653 3321 filiae
677 3257 766 3322 cuiue
789 3278 908 3322 nomen
931 3281 951 3323 a
972 3259 1002 3322 D
1027 3260 1137 3326 litteta
1160 3261 1205 3324 in-

83 3355 151 3442 cipit,
170 3363 284 3428 tertiae
306 3363 431 3446 puellae
451 3362 502 3428 cui
515 3363 626 3456 Pupae
644 3384 771 3447 nomen,
793 3368 958 3447 postremo
977 3367 1101 3448 pueruli
1125 3371 1204 3432 natu

84 3465 195 3532 miniari.
231 3468 297 3534 Sed
317 3469 394 3553 quid
416 3491 486 3535 esse
509 3469 589 3534 illud
608 3469 761 3554 dicamus,
784 3470 869 3554 quod
887 3471 1089 3555 paenultimo
1109 3494 1204 3538 versu

84 3571 174 3639 eadem
204 3575 321 3642 curura
347 3574 440 3658 Papa
470 3575 530 3640 illa
561 3573 673 3660 (quarn
702 3598 779 3643 cave
813 3599 872 3663 pro
901 3578 1014 3644 blaada
1035 3599 1126 3661 pupa
1153 3579 1203 3644 vel

83 3673 189 3744 Blanda
203 3703 296 3766 papa
314 3680 468 3774 accipias)
492 3682 677 3767 appellatur
694 3679 841 3750 vocatmo
861 3707 946 3769 casu,
964 3689 1080 3770 quarto
1095 3689 1203 3752 autem

83 3785 167 3852 atne
187 3789 350 3856 adlocutio
377 3789 414 3852 fit
435 3810 500 3854 non
524 3789 564 3853 ad
588 3786 774 3874 sicphauen
802 3812 933 3855 uxorem
957 3795 1119 3875 spectans,
1147 3794 1203 3859 sed

84 3891 112 3952 ad
136 3895 267 3980 aliquem
290 3895 469 3963 Diodorum
497 3897 659 3962 amioum?
705 3896 794 3972 Quae
822 3920 894 3963 cum
921 3921 1035 3982 parum
1058 3898 1145 3964 inter
1167 3923 1201 3965 se

84 4019 235 4082 congruere
259 4003 365 4088 primo
389 4008 522 4088 aspectu
545 4003 723 4087 rideantur,
750 4027 815 4070 una
837 4005 909 4070 sola
931 4007 984 4071 ria
1007 4007 1200 4092 explicatum

84 4107 108 4164 et
125 4108 330 4176 certissimum
360 4113 403 4180 et
420 4111 716 4177 commodissimum
743 4113 981 4190 nanciscuntur.
1025 4113 1201 4181 Enimvero

85 4217 187 4277 erecte
208 4218 358 4300 suppleto
381 4239 418 4282 eo
442 4240 546 4303 versu,
569 4219 623 4302 qui
647 4219 778 4303 quintus
801 4243 821 4284 a
843 4220 906 4285 fine
929 4225 987 4306 est,
1010 4221 1112 4286 totius
1135 4222 1201 4307 epi-

85 4343 267 4362 ⁸¹-·—-—-—

88 4399 212 4464 anniani
229 4411 281 4468 tide
301 4408 431 4467 substitit
444 4410 623 4481 Bitschelius‚
637 4411 837 4484 Corsinianum,
851 4415 1029 4485 Aegyptium,
1045 4415 1201 4486 Cimoliam,

87 4487 207 4562 Luporum
226 4519 274 4558 saa
293 4501 456 4557 coniectura
474 4518 538 4558 usos
555 4518 651 4558 omnes
665 4500 830 4575 suspicatum
850 4504 885 4559 cf.
896 4505 993 4562 Enarr.
1008 4525 1034 4578 p.
1047 4513 1087 4562 71.
1109 4507 1200 4579 C.W.]
