3074 5138
322 366 388 429 434
481 385 518 431 m
541 383 654 432 naeus
679 385 868 432 usnemun
892 385 1077 433 aunounn
1101 385 1302 434 6666611111

322 522 489 608 Augustus
512 526 653 610 primum
671 527 858 592 Messallam
871 525 1046 593 Corvinum
1069 527 1146 593 fecit
1169 525 1209 613 (c.
1227 527 1269 592 99
1288 551 1321 612 p.
1339 528 1404 610 37,
1421 527 1496 610 25),

322 653 416 716 quem
450 633 505 718 qui
536 633 570 698 in
603 656 640 699 eo
673 635 783 700 officio
817 635 1001 718 exceperint
1036 635 1076 700 ad
1109 639 1213 701 semet
1244 636 1361 718 ipsum
1399 633 1492 698 idem

321 736 433 803 Front
409 743 497 804 unus
524 761 591 824 cap.
613 743 729 826 102p.
749 741 791 806 39
825 745 974 807 accurate
1006 746 1193 824 persecutus
1224 745 1282 805 est.
1261 739 1493 805 tLiberae

249 862 308 902 vm
322 843 463 908 civitatis
495 846 696 929 temporibus
727 846 811 911 idem
844 869 911 932 cap.
935 848 978 912 96
1007 869 1037 930 p.
1056 849 1109 931 36,
1128 848 1170 911 28
1204 847 1364 912 scribit‘
1367 871 1490 912 eorum

315 959 454 1034 'operum
474 952 718 1034 probandorum
742 975 853 1018 curam
877 953 976 1018 fuisse
999 976 1096 1039 penes
1121 976 1270 1022 censores
1294 953 1491 1038 aliquando

321 1061 354 1122 et
375 1057 504 1142 aediles,
534 1058 694 1125 interdum
718 1060 816 1124 etiam
839 1061 1068 1145 quaestoribus
1093 1083 1165 1127 eam
1188 1061 1403 1180 provinciam
1430 1061 1525 1124 ob

321 1165 468 1230 venisse'.
513 1165 606 1242 Quod
633 1166 695 1230 etsi
718 1187 792 1231 vere
820 1166 914 1250 dixit,
947 1171 1056 1231 tamen
1084 1166 1193 1231 omnia
1221 1165 1366 1230 minima
1397 1189 1489 1230 com·

321 1272 419 1356 plecti
449 1294 491 1336 ne
518 1273 623 1338 voluit
649 1272 790 1357 quidem:
822 1295 898 1338 nam
926 1277 1054 1358 praeter
1087 1272 1221 1338 solitum
1253 1273 1361 1338 etiam
1397 1273 1487 1338 alios

321 1379 532 1464 magistratus
565 1379 701 1444 adscisci
728 1379 880 1462 potuisse
912 1379 961 1444 116
995 1379 1217 1463 exemplorum
1247 1379 1387 1444 evincit.
1441 1379 1486 1444 Et

321 1486 463 1551 maxima
486 1486 615 1570 quidem
639 1486 671 1550 in
691 1485 753 1551 hoc
772 1506 888 1571 genere
907 1481 1075 1570 66616161
1094 1486 1211 1552 ceteris
1230 1485 1364 1550 maiora
1382 1507 1484 1550 nemo

320 1593 425 1656 nescit
448 1615 467 1656 a
491 1593 678 1659 censoribus
701 1591 789 1657 facta
812 1615 892 1658 esse.
925 1594 956 1657 A
979 1594 1096 1678 quibus
1119 1598 1153 1657 et
1171 1591 1279 1678 Appia
1304 1593 1411 1657 ducta
1435 1597 1484 1654 est
1507 1604 1518 1673 l

323 1721 407 1764 anno
426 1701 491 1764 442
514 1697 639 1785 (Front.
658 1700 679 1764 5
702 1723 732 1783 p.
751 1698 853 1784 3,11)
878 1705 910 1764 66
929 1698 1055 1782 Tepula
1073 1721 1101 1764 a.
1117 1699 1181 1763 629
1203 1696 1335 1784 (Front
1356 1700 1378 1764 8
1405 1721 1438 1782 p.
1454 1698 1483 1778 6,
1504 1704 1515 1769 1

322 1804 389 1892 21),
413 1811 446 1870 66
468 1828 545 1872 vero
564 1807 702 1872 Anionis
726 1828 853 1890 quoque
876 1807 994 1872 veteris
1017 1828 1102 1890 aqua
1125 1805 1198 1870 duci
1217 1811 1338 1890 coepta
1361 1828 1391 1870 a.
1406 1805 1479 1884 482,

323 1914 379 1979 666
406 1913 519 1978 666616
545 1917 622 1998 6666
648 1913 829 1998 biennium,
862 1913 916 1998 qui
945 1935 1046 1978 annus
1075 1935 1225 1979 censores
1252 1935 1320 1979 non
1352 1911 1479 1979 habuit

323 2025 546 2085 consummata
574 2045 594 2086 a
621 2020 800 2085 duumviris
828 2043 931 2105 aquae
958 2021 1182 2104 perducendae
1206 2042 1246 2084 ex
1269 2019 1381 2084 senati
1406 2039 1476 2082 con·

323 2128 408 2193 sulto
432 2129 550 2194 creatis
574 2126 698 2216 (Front.
722 2129 742 2192 6
765 2131 845 2212 p.4‚
866 2125 930 2214 19).
980 2127 1064 2192 Item
1093 2150 1177 2193 anno
1201 2128 1276 2211 610,
1309 2147 1379 2211 quo
1407 2145 1475 2188 cen·

322 2257 410 2300 sores
434 2256 501 2300 non
522 2235 621 2317 fuere,
644 2233 785 2299 Marciae
800 2233 963 2300 ducendae
981 2235 1148 2318 negotium
1164 2233 1201 2310 Q.
1215 2233 1343 2298 Marcio
1365 2230 1473 2296 datum
1505 2223 1525 2288 16

321 2343 466 2425 61666611
488 2341 614 2407 urbano
638 2339 795 2425 (1116661
820 2363 851 2425 p.
870 2341 900 2424 5,
921 2339 985 2426 13).
1033 2339 1122 2426 Ergo
1145 2341 1252 2425 eapite
1276 2339 1322 2404 96
1348 2337 1498 2435 1116661·Ι

321 2471 392 2532 666,
415 2452 451 2512 66
474 2452 508 2514 66
529 2453 695 2533 praetores
719 2452 752 2512 et
774 2448 927 2513 duoviros
950 2447 1036 2530 illos,
1059 2449 1107 2512 166
1130 2447 1276 2532 proiecto
1295 2444 1471 2530 praeterire
1494 2438 1497 2489 ²

321 2556 419 2622 661616
442 2555 590 2621 tribunos
612 2554 701 2638 plebi
725 2555 842 2638 potuit,
865 2555 916 2618 his
941 2555 968 2619 si
987 2555 1058 2639 lege
1074 2552 1212 2618 Visellio.
1233 2575 1295 2618 nec
1315 2555 1471 2636 perpetus

321 2683 397 2727 cura
429 2683 587 2746 equarum
615 2661 760 2727 iniuncta
788 2665 857 2738 Ι6166
883 2683 943 2726 nec
971 2661 1012 2725 66
1038 2682 1124 2725 nova
1151 2661 1203 2726 vel
1230 2665 1320 2726 certe
1350 2658 1469 2724 maiora

280 2815 286 2822 -
321 2789 421 2850 opera
450 2773 614 2851 spectans,
647 2769 702 2832 sed
726 2768 841 2833 autin
863 2767 1042 2832 minoribus
1074 2766 1256 2832 subsistens
1285 2766 1401 2832 autin
1425 2769 1467 2827 tu-

321 2873 429 2938 tandis
461 2874 512 2938 161
544 2873 722 2939 reficiendis
754 2877 881 2938 tantum
913 2895 983 2938 sese
1016 2874 1192 2938 continens.
1245 2872 1386 2957 Quodsi,
1417 2893 1468 2935 cur

320 2979 420 3043 6616111
449 3001 558 3044 curam
587 2980 639 3044 vel
667 2979 710 3044 ab
735 2979 901 3044 aedilitate
931 2980 983 3044 vel
1011 3003 1030 3044 a
1059 2985 1234 3063 quaestura
1261 2979 1464 3056 seiunxerinl,

322 3086 508 3170 quaesieris,
530 3087 721 3170 praesertim
744 3087 778 3150 in
801 3089 893 3151 tanta
916 3108 997 3170 quae
1020 3091 1090 3151 tum
1114 3093 1245 3171 praesto
1266 3092 1355 3152 66666
1376 3105 1487 3170 quse.

322 3197 445 3257 storum
477 3193 698 3258 multitudine:
734 3193 901 3258 fatendum
934 3198 983 3257 est
1016 3193 1049 3258 id
1082 3195 1174 3258 iuxta
1206 3216 1279 3258 cum
1313 3199 1365 3260 tot
1396 3180 1486 3281 aliisi

320 3299 437 3363 nesciri
461 3299 543 3364 scitu
567 3299 618 3364 vel
640 3321 706 3364 non
728 3299 872 3382 indignis
896 3300 946 3363 vel
970 3299 1180 3383 dignissimis.

789 3533 1001 3542 -——..-—-..

409 3727 563 3794 Eiusdem
591 3729 776 3794 tribunatus
808 3728 1034 3794 communione
1067 3750 1139 3793 cum
1169 3727 1279 3812 166166
1307 3727 1457 3794 Tolosano

320 3835 525 3901 coniunctam
549 3835 673 3920 legem
696 3837 740 3900 de
758 3834 1060 3900 Thermensibus
1083 3835 1230 3900 Pisidis
1257 3832 1454 3900 maioribus

321 3965 392 4008 cum
412 3941 564 4008 Romae
555 3965 587 4006 16
608 3941 703 4008 66616
719 3939 899 4026 Capranica
915 3940 1077 4006 Martinus
1092 3939 1234 4005 Smetius
1253 3935 1453 4020 transcripsit,

319 4048 399 4114 haec
422 4050 522 4115 verba
546 4049 696 4133 adposuit
719 4071 800 4133 quae
824 4049 957 4115 habes
948 4071 981 4114 16
1000 4047 1055 4114 161.
1069 4046 1451 4134 XVIr.Inscriptionuu1

319 4155 526 4238 antiquarum
551 4155 591 4219 ab
610 4153 701 4219 Iusto
723 4153 833 4237 Lipsio
858 4175 885 4218 a.
902 4155 986 4218 1588
1011 4153 1184 4218 editarum:
1209 4151 1356 4220 ‘alteram
1374 4149 1493 4215 uhu·
1484 4116 1520 4198 111

320 4260 400 4344 1616,
424 4265 490 4326 666
475 4261 696 4326 6161666616
721 4264 758 4324 66
763 4261 840 4324 ianr
862 4260 993 4343 plures
1017 4259 1092 4326 11616
1111 4237 1192 4326 61116
1208 4261 1308 4326 161666
1328 4273 1449 4326 annexa

320 4311 415 4431 facite
439 4365 592 4450 adparet?
639 4364 722 4431 Gont
708 4371 759 4431 tra
783 4367 886 4432 sensit
908 4389 1009 4450 nuper
1032 4365 1170 4432 Carolus
1190 4366 1289 4433 Goett
1260 4366 1400 4452 tilingius
1420 4359 1446 4420 in

321 4493 358 4535 eo
391 4472 474 4536 libro
507 4494 602 4555 quem
635 4471 818 4538 ‘'luntzehn
857 4473 1017 4540 romische
1049 4473 1242 4540 Urkunden’
1275 4471 1446 4554 inscriptum
