3048 5144
318 389 381 453 144
592 406 815 454 uouvuasra
840 403 1076 452 nmsuamucu
1101 405 1192 452 rurs.

316 569 371 614 nee
392 570 412 632 y
436 549 472 612 in
499 547 592 614 libros
618 569 690 614 suos
715 549 845 627 rettulit,
877 567 1065 631 areanequam
1097 545 1205 634 (id)*)
1231 553 1303 612 ante
1330 548 1477 628 fererant

276 680 302 719 n
318 655 460 719 Nomius
481 659 509 719 et
530 655 661 734 Murius·
693 661 721 720 et
743 675 812 719 eum
836 655 926 738 lurae
949 655 1069 739 syllaba
1091 655 1251 720 scribenda
1272 660 1360 732 esset,
1388 655 1476 718 diras

315 763 435 827 emenus
451 762 592 844 ponebat,
609 765 829 844 praeterquam
846 781 924 842 quae
946 761 981 824 in
1004 762 1015 825 i
1040 762 1162 825 literam
1180 760 1364 826 incuterent:
1387 762 1476 826 bane

316 870 398 933 mrim
416 889 474 951 per
496 890 513 933 e
536 873 564 932 ct
587 868 597 932 i
621 867 774 933 scribebat.
820 867 865 930 Et
888 866 1024 950 pluralis
1051 867 1180 951 quidem
1203 868 1383 950 ponebant.
1406 921 1412 932 .

315 975 486 1040 scribebant
508 973 660 1038 similiter
683 977 781 1058 utque
804 974 914 1057 paullo
936 978 1014 1058 post
1031 975 1071 1038 in.
1085 974 1166 1040 haee
1183 975 1329 1058 irrepsit:
1352 975 1474 1040 Θηρίοις

317 1081 482 1164 Pompeius
504 1082 642 1164 Mapnus
665 1087 694 1145 el
714 1082 884 1146 scribebant
905 1086 935 1146 ct
955 1082 1093 1146 dicebant
1118 1082 1383 1147 ladaniitetem
1406 1105 1473 1164 pro

315 1189 586 1272 kalamitatem,
610 1188 741 1272 irrepsit
765 1192 873 1252 autem
897 1209 935 1252 ex
956 1189 1002 1253 eis
1022 1209 1104 1274 quae
1121 1209 1335 1272 praecessere.
1362 1189 1471 1254 Exor-

317 1319 372 1362 sus
395 1298 481 1361 enim
505 1295 545 1361 ab
573 1296 712 1378 antiquis
734 1293 938 1379 Victorinus,
967 1296 1022 1379 qui
1045 1301 1244 1362 consonantes
1270 1295 1376 1361 literas
1403 1317 1471 1360 nen

313 1402 738 1486 psalmumcanticum
761 1402 957 1484 imponebant
985 1406 1018 1467 et
1045 1423 1179 1469 auseris
1205 1403 1377 1469 scribebant
1408 1425 1471 1468 nec

317 1531 369 1574 em
387 1511 543 1593 pariebant
565 1508 701 1592 ideoque
719 1531 785 1574 nan
800 1509 1013 1575 Alcmenam
1036 1511 1175 1576 dicebam
1192 1509 1245 1597 (de
1264 1531 1328 1595 quo
1348 1531 1470 1596 genere

316 1639 418 1702 nuper
441 1616 575 1701 exposui
598 1614 680 1680 Mus.
695 1615 774 1699 phil.
790 1615 871 1682 VIII
894 1640 923 1702 p.
939 1617 1005 1682 475
1021 1615 1151 1702 [Opusc.
1175 1616 1206 1680 II
1231 1639 1262 1701 p.
1275 1617 1355 1698 473]
1371 1617 1471 1701 ειη),

316 1728 517 1790 nunciatus
545 1723 579 1786 in
607 1743 645 1788 eo
674 1728 726 1787 est
753 1727 801 1808 ut,
841 1724 918 1807 quid
946 1725 1068 1809 singuli
1095 1723 1245 1790 homines
1273 1725 1470 1789 auctoritate

316 1831 477 1915 pollentes
509 1830 711 1895 instituerint
748 1853 786 1896 ac
818 1832 1041 1916 probaverint,
1078 1832 1228 1902 breviter,
1254 1832 1470 1916 perstringat:

316 1937 419 2004 Iulius
443 1934 563 2002 Caesar
585 1937 761 2022 Vopiscus,
785 1939 917 2022 Accius,
945 1937 1105 2021 Naevius,
1133 1937 1259 2022 Liuius,
1282 1938 1470 2022 Pompeiae,

316 2044 468 2130 Nigidius
491 2043 641 2129 Figulus,
665 2043 809 2109 Licinius
824 2043 956 2128 Calvus,
980 2044 1082 2110 Divus
1097 2046 1279 2130 Augustus,
1302 2043 1470 2129 Messalla,

317 2151 451 2234 Brutus,
475 2150 631 2236 Agrippa.
668 2151 697 2214 Ε
721 2151 942 2236 superioribus
966 2151 1067 2236 igitur
1091 2151 1190 2216 etium
1211 2151 1386 2234 imponebat
1409 2173 1470 2235 per

318 2279 460 2324 errorem
483 2257 620 2322 inlatum
644 2262 694 2322 est
716 2278 776 2342 pro
794 2259 936 2340 penebat.
1190 2247 1194 2252 ’

406 2365 506 2431 Porro
530 2365 659 2448 appulus
682 2365 826 2430 voluisse
848 2362 983 2430 Accium
1007 2386 1066 2449 pro
1089 2366 1224 2448 aupulns
1246 2364 1359 2448 scribi,
1383 2365 1468 2429 citra

199 2523 202 2530 .
316 2471 552 2538 dubitationem
566 2471 660 2556 ponit
674 2473 990 2556 praestantissimum
1002 2471 1160 2536 Prisciani
1175 2470 1190 2535 Ι
1205 2495 1235 2556 p.
1247 2471 1312 2537 556
1321 2473 1468 2538 testimo-

317 2580 415 2662 nium,
439 2579 494 2644 sed
515 2578 595 2642 illud
615 2580 746 2664 egregio
766 2577 894 2643 demum
915 2577 1140 2662 supplemento
1160 2575 1341 2644 eLeidensi
1357 2579 1468 2644 codice

317 2685 358 2750 eb
382 2685 502 2750 Iacobo
517 2685 681 2751 Gronovio
701 2690 831 2751 auctum
854 2686 887 2750 in
907 2684 1192 2750 dissertationibus
1207 2683 1353 2751 Liuianis
1367 2708 1398 2770 p.
1414 2687 1468 2770 20,

317 2791 603 2857 eManacensibus
628 2791 836 2858 alrconardo
854 2793 1026 2876 Spengelio
1051 2792 1084 2855 in
1094 2790 1189 2856 Verr.
1207 2813 1238 2876 p.
1249 2793 1278 2876 l,
1301 2792 1354 2857 cui
1377 2791 1467 2856 leves

318 2899 462 2963 maculas
482 2897 637 2982 quasdam
660 2921 732 2963 eum
753 2900 831 2965 olim
851 2900 885 2964 in
904 2921 1019 2964 comm.
1042 2898 1081 2962 de
1105 2897 1352 2983 disciplinarum
1372 2897 1466 2964 libris

318 3003 474 3068 Varronis
488 3027 518 3087 p.
531 3005 574 3067 24
593 3001 760 3089 Museique
774 3004 906 3090 phil.VI
920 3029 951 3090 p.
964 3005 1030 3070 530
1045 3003 1176 3089 [Opusc.
1190 3003 1239 3069 III
1253 3027 1284 3089 p.
1294 3005 1368 3072 373.
1383 3006 1464 3086 469]

318 3109 538 3194 abstersimus,
570 3113 639 3176 tum
670 3134 754 3178 nunc
782 3113 953 3178 demimus:
987 3112 1101 3177 transit
1122 3110 1176 3198 (de
1198 3132 1222 3174 n
1243 3110 1402 3197 loquitur)
1429 3115 1464 3176 in

317 3236 340 3300 g
359 3221 396 3284 nt
411 3216 557 3299 ignosce
567 3267 658 3282 ......
656 3239 663 3254 ’
681 3224 711 3284 et
727 3225 865 3302 aequaeua
882 3239 904 3305 g
922 3219 998 3284 aelc
1017 3239 1077 3301 pro
1095 3240 1131 3284 ea
1150 3239 1172 3303 g
1196 3219 1465 3296 arrilruanrueci

316 3328 344 3389 at
365 3325 492 3404 pridem
516 3331 617 3390 lamen
640 3325 763 3410 (etiarn)
784 3327 986 3391 rremstissimi
1008 3331 1146 3391 aleatores
1160 3311 1392 3412 “Ilemanemuu
1415 3349 1463 3390 ar-

314 3430 447 3512 pleniae
468 3453 563 3498 eausa
581 3433 652 3499 bene
668 3434 888 3515 baesacuutes
910 3438 946 3498 ut
966 3433 1134 3516 apebises
1156 3443 1285 3516 apeeps
1307 3435 1465 3516 appulus

317 3557 457 3620 appens.
496 3541 579 3621 qued
599 3539 729 3605 osteredit
748 3539 847 3604 Varro
869 3540 904 3603 in
921 3541 1027 3622 primo
1048 3539 1085 3604 de
1107 3540 1224 3622 an'piue
1247 3541 1371 3622 linquae
1394 3542 1463 3606 lati-

316 3665 376 3709 nae
397 3643 446 3710 liis
463 3646 579 3711 seems:
603 3644 649 3710 ‘ul
662 3645 723 3712 Ion
735 3645 852 3724 scribit,
875 3647 984 3727 pertrita
1006 3646 1153 3711 tricesima
1174 3649 1228 3711 est
1249 3646 1353 3711 litera
1370 3668 1462 3728 quiam

317 3771 410 3834 apina
427 3756 547 3838 uacant,
570 3755 657 3818 cuitus
677 3753 783 3834 ferma
804 3753 904 3830 nulla,
927 3757 981 3818 set
1001 3773 1064 3818 uere
1086 3753 1256 3818 cammerata
1277 3757 1322 3818 est
1336 3753 1463 3820 Graecis

317 3865 345 3924 at
375 3859 515 3938 Latium
551 3864 589 3924 ut
618 3859 684 3944 (in)
715 3859 765 3926 leis
799 3860 901 3924 uerbis
936 3861 1091 3943 appellus
1126 3879 1260 3943 appens
1295 3861 1462 3942 appetitio

316 3967 495 4049 ipperunt.
541 3969 576 4031 in
606 3967 814 4032 liuiuseemocli
845 3967 958 4033 Graeci
989 3969 1153 4032 etAecius
1183 3973 1284 4033 nester
1315 3969 1389 4035 bina
1419 3991 1462 4055 gg

316 4073 465 4152 samum,
487 4073 549 4138 alii
570 4095 592 4137 n
614 4079 644 4138 et
665 4095 700 4161 g,
727 4075 809 4156 qum
833 4073 869 4138 in
894 4073 949 4138 liae
970 4075 1130 4139 leuitatem
1158 4073 1376 4154 semicrudum
1399 4079 1461 4156 lest,

316 4181 351 4243 in
374 4181 427 4245 illa
451 4180 545 4262 udde]
573 4201 637 4245 nen
663 4185 723 4259 est;
756 4181 899 4246 similiter
930 4201 1057 4264 apceps
1087 4180 1246 4263 aycara':
1279 4203 1355 4246 num
1383 4182 1460 4248 haec

317 4289 427 4351 omnia
448 4286 605 4352 Varronis
630 4291 713 4354 sunt.
759 4285 832 4352 Nisi
855 4287 941 4372 quod
969 4289 1041 4354 bene
1068 4289 1147 4353 illud
1175 4287 1249 4372 quid
1282 4289 1343 4352 sibi
1375 4289 1459 4374 velit,

317 4427 340 4436 .-
351 4429 528 4438 «ιι-η...-

406 4513 432 4582 *)
452 4513 518 4583 [Sed
537 4515 572 4570 cl.
591 4515 664 4570 inira
683 4535 709 4585 p.
726 4521 760 4570 ‘28
779 4516 860 4584 (150).
898 4515 918 4569 C
943 4515 1000 4587 W.]
