<?xml version="1.0" encoding="UTF-8"?>
<!DOCTYPE html PUBLIC "-//W3C//DTD XHTML 1.0 Transitional//EN"
    "http://www.w3.org/TR/xhtml1/DTD/xhtml1-transitional.dtd">
<html xmlns="http://www.w3.org/1999/xhtml" xml:lang="en" lang="en">
 <head>
  <title>
</title>
<meta http-equiv="Content-Type" content="text/html;charset=utf-8" />
  <meta name='ocr-system' content='tesseract 3.04.00' />
  <meta name='ocr-capabilities' content='ocr_page ocr_carea ocr_par ocr_line ocrx_word'/>
</head>
<body>
  <div class='ocr_page' id='page_1' title='image "./fridericiritsch03wachgoog/fridericiritsch03wachgoog_0274.png"; bbox 0 0 3062 5142; ppageno 0'>
   <div class='ocr_carea' id='block_1_1' title="bbox 287 401 1216 495">
    <p class='ocr_par' dir='ltr' id='par_1_1' title="bbox 287 401 1216 495">
     <span class='ocr_line' id='line_1_1' title="bbox 287 401 1216 495; baseline -0.002 -27"><span class='ocrx_word' id='word_1_1' title='bbox 287 401 539 469; x_wconf 74' lang='lat' dir='ltr'>snrnoaoorss</span> <span class='ocrx_word' id='word_1_2' title='bbox 563 420 717 495; x_wconf 65' lang='lat' dir='ltr'>narrans</span> <span class='ocrx_word' id='word_1_3' title='bbox 741 419 999 468; x_wconf 81' lang='lat' dir='ltr'>cononusurvn.</span> <span class='ocrx_word' id='word_1_4' title='bbox 1152 403 1216 466; x_wconf 88' lang='grc'>249</span> 
     </span>
    </p>
   </div>
   <div class='ocr_carea' id='block_1_2' title="bbox 71 563 1264 1074">
    <p class='ocr_par' dir='ltr' id='par_1_2' title="bbox 71 563 1264 1074">
     <span class='ocr_line' id='line_1_2' title="bbox 71 563 1217 648; baseline 0 -20"><span class='ocrx_word' id='word_1_5' title='bbox 71 565 109 628; x_wconf 86' lang='lat' dir='ltr'>tis</span> <span class='ocrx_word' id='word_1_6' title='bbox 137 565 293 630; x_wconf 83' lang='lat' dir='ltr'>effectum</span> <span class='ocrx_word' id='word_1_7' title='bbox 322 569 373 629; x_wconf 89' lang='lat' dir='ltr'>est</span> <span class='ocrx_word' id='word_1_8' title='bbox 402 564 604 630; x_wconf 85' lang='lat' dir='ltr'>aFinestrio</span> <span class='ocrx_word' id='word_1_9' title='bbox 633 563 727 629; x_wconf 87' lang='lat' dir='ltr'>Orta</span> <span class='ocrx_word' id='word_1_10' title='bbox 754 585 838 629; x_wconf 77' lang='lat' dir='ltr'>mox</span> <span class='ocrx_word' id='word_1_11' title='bbox 867 563 1008 628; x_wconf 88' lang='lat' dir='ltr'>sensim</span> <span class='ocrx_word' id='word_1_12' title='bbox 1035 563 1217 648; x_wconf 84' lang='lat' dir='ltr'>uigeseit,</span> 
     </span>
     <span class='ocr_line' id='line_1_3' title="bbox 71 669 1218 753; baseline 0.001 -20"><span class='ocrx_word' id='word_1_13' title='bbox 71 669 202 735; x_wconf 87' lang='lat' dir='ltr'>deinde</span> <span class='ocrx_word' id='word_1_14' title='bbox 244 671 388 737; x_wconf 90' lang='lat' dir='ltr'>sensim</span> <span class='ocrx_word' id='word_1_15' title='bbox 425 670 572 736; x_wconf 85' lang='lat' dir='ltr'>delicit.</span> <span class='ocrx_word' id='word_1_16' title='bbox 625 671 767 736; x_wconf 76' lang='lat' dir='ltr'>Accedat</span> <span class='ocrx_word' id='word_1_17' title='bbox 803 669 854 734; x_wconf 91' lang='lat' dir='ltr'>his</span> <span class='ocrx_word' id='word_1_18' title='bbox 893 670 1048 753; x_wconf 87' lang='lat' dir='ltr'>exemplis</span> <span class='ocrx_word' id='word_1_19' title='bbox 1081 669 1168 734; x_wconf 91' lang='lat' dir='ltr'>aliud</span> <span class='ocrx_word' id='word_1_20' title='bbox 1201 692 1218 734; x_wconf 90' lang='lat' dir='ltr'>e</span> 
     </span>
     <span class='ocr_line' id='line_1_4' title="bbox 71 774 1264 862; baseline 0.001 -24"><span class='ocrx_word' id='word_1_21' title='bbox 71 777 219 841; x_wconf 84' lang='lat' dir='ltr'>thesauro</span> <span class='ocrx_word' id='word_1_22' title='bbox 245 777 502 844; x_wconf 88' lang='lat' dir='ltr'>Mommseniano</span> <span class='ocrx_word' id='word_1_23' title='bbox 526 778 675 862; x_wconf 87' lang='lat' dir='ltr'>petitum.</span> <span class='ocrx_word' id='word_1_24' title='bbox 712 775 778 841; x_wconf 92' lang='lat' dir='ltr'>Vbi</span> <span class='ocrx_word' id='word_1_25' title='bbox 797 800 827 842; x_wconf 89' lang='lat' dir='ltr'>n.</span> <span class='ocrx_word' id='word_1_26' title='bbox 842 777 907 840; x_wconf 87' lang='grc'>423</span> <span class='ocrx_word' id='word_1_27' title='bbox 925 774 1116 841; x_wconf 89' lang='lat' dir='ltr'>Potentiuus</span> <span class='ocrx_word' id='word_1_28' title='bbox 1140 777 1217 840; x_wconf 89' lang='lat' dir='ltr'>titu·</span> <span class='ocrx_word' id='word_1_29' title='bbox 1230 801 1264 839; x_wconf 86' lang='lat' dir='ltr'>x1</span> 
     </span>
     <span class='ocr_line' id='line_1_5' title="bbox 72 881 1218 968; baseline 0 -22"><span class='ocrx_word' id='word_1_30' title='bbox 72 882 118 947; x_wconf 91' lang='lat' dir='ltr'>lus</span> <span class='ocrx_word' id='word_1_31' title='bbox 145 905 162 947; x_wconf 88' lang='lat' dir='ltr'>e</span> <span class='ocrx_word' id='word_1_32' title='bbox 193 885 374 950; x_wconf 87' lang='lat' dir='ltr'>coniuncta</span> <span class='ocrx_word' id='word_1_33' title='bbox 401 885 605 950; x_wconf 73' lang='lat' dir='ltr'><strong>Constantini</strong></span> <span class='ocrx_word' id='word_1_34' title='bbox 635 883 754 950; x_wconf 79' lang='lat' dir='ltr'>Gattae</span> <span class='ocrx_word' id='word_1_35' title='bbox 787 889 820 950; x_wconf 91' lang='lat' dir='ltr'>et</span> <span class='ocrx_word' id='word_1_36' title='bbox 848 883 1037 950; x_wconf 84' lang='lat' dir='ltr'>Emanuelis</span> <span class='ocrx_word' id='word_1_37' title='bbox 1060 881 1218 968; x_wconf 78' lang='lat' dir='ltr'>Viggiani</span> 
     </span>
     <span class='ocr_line' id='line_1_6' title="bbox 75 991 876 1074; baseline 0.004 -21"><span class='ocrx_word' id='word_1_38' title='bbox 75 992 224 1056; x_wconf 88' lang='lat' dir='ltr'>memoria</span> <span class='ocrx_word' id='word_1_39' title='bbox 248 991 284 1057; x_wconf 91' lang='lat' dir='ltr'>in</span> <span class='ocrx_word' id='word_1_40' title='bbox 307 991 391 1057; x_wconf 90' lang='lat' dir='ltr'>hane</span> <span class='ocrx_word' id='word_1_41' title='bbox 416 991 555 1074; x_wconf 89' lang='lat' dir='ltr'>speciem</span> <span class='ocrx_word' id='word_1_42' title='bbox 578 991 791 1058; x_wconf 84' lang='lat' dir='ltr'>concinnatus</span> <span class='ocrx_word' id='word_1_43' title='bbox 815 994 876 1056; x_wconf 90' lang='lat' dir='ltr'>est:</span> 
     </span>
    </p>
   </div>
   <div class='ocr_carea' id='block_1_3' title="bbox 296 1256 982 2288">
    <p class='ocr_par' dir='ltr' id='par_1_3' title="bbox 296 1256 982 2074">
     <span class='ocr_line' id='line_1_7' title="bbox 302 1256 982 1326; baseline -0.006 0"><span class='ocrx_word' id='word_1_44' title='bbox 302 1257 512 1326; x_wconf 77' lang='lat' dir='ltr'>..rara</span> <span class='ocrx_word' id='word_1_45' title='bbox 547 1296 553 1306; x_wconf 86' lang='lat'>-</span> <span class='ocrx_word' id='word_1_46' title='bbox 587 1256 982 1323; x_wconf 68' lang='lat' dir='ltr'>nunna-nun</span> 
     </span>
     <span class='ocr_line' id='line_1_8' title="bbox 409 1364 886 1431; baseline -0.002 -1"><span class='ocrx_word' id='word_1_47' title='bbox 409 1365 547 1431; x_wconf 84' lang='lat' dir='ltr'>v111·</span> <span class='ocrx_word' id='word_1_48' title='bbox 572 1364 886 1430; x_wconf 77' lang='lat' dir='ltr'>ulus-vim</span> 
     </span>
     <span class='ocr_line' id='line_1_9' title="bbox 296 1469 982 1538; baseline -0.001 -1"><span class='ocrx_word' id='word_1_49' title='bbox 296 1471 580 1538; x_wconf 73' lang='lat' dir='ltr'>nssrvulr</span> <span class='ocrx_word' id='word_1_50' title='bbox 618 1507 624 1519; x_wconf 87' lang='lat'>-</span> <span class='ocrx_word' id='word_1_51' title='bbox 661 1469 773 1536; x_wconf 79' lang='lat' dir='ltr'>vnn</span> <span class='ocrx_word' id='word_1_52' title='bbox 809 1507 816 1519; x_wconf 82' lang='lat'><strong>·</strong></span> <span class='ocrx_word' id='word_1_53' title='bbox 854 1469 982 1536; x_wconf 77' lang='lat' dir='ltr'>uias</span> 
     </span>
     <span class='ocr_line' id='line_1_10' title="bbox 301 1565 980 1656; baseline -0.001 -12"><span class='ocrx_word' id='word_1_54' title='bbox 301 1565 881 1646; x_wconf 73' lang='lat' dir='ltr'>nnius-oeneus</span> <span class='ocrx_word' id='word_1_55' title='bbox 954 1579 980 1656; x_wconf 83' lang='lat' dir='ltr'>o</span> 
     </span>
     <span class='ocr_line' id='line_1_11' title="bbox 302 1684 981 1753; baseline 0.006 -4"><span class='ocrx_word' id='word_1_56' title='bbox 302 1684 453 1750; x_wconf 74' lang='lat' dir='ltr'>sanvu</span> <span class='ocrx_word' id='word_1_57' title='bbox 495 1721 502 1736; x_wconf 88' lang='lat'><strong>·</strong></span> <span class='ocrx_word' id='word_1_58' title='bbox 539 1685 686 1751; x_wconf 80' lang='lat' dir='ltr'>nnsru</span> <span class='ocrx_word' id='word_1_59' title='bbox 729 1721 735 1734; x_wconf 87' lang='lat'><strong>·</strong></span> <span class='ocrx_word' id='word_1_60' title='bbox 777 1685 839 1752; x_wconf 79' lang='lat' dir='ltr'>ar</span> <span class='ocrx_word' id='word_1_61' title='bbox 880 1721 888 1737; x_wconf 89' lang='lat'><strong>·</strong></span> <span class='ocrx_word' id='word_1_62' title='bbox 930 1685 981 1753; x_wconf 79' lang='lat' dir='ltr'>ru</span> 
     </span>
     <span class='ocr_line' id='line_1_12' title="bbox 302 1791 982 1860; baseline 0.001 -2"><span class='ocrx_word' id='word_1_63' title='bbox 302 1791 543 1859; x_wconf 72' lang='lat' dir='ltr'>caussas</span> <span class='ocrx_word' id='word_1_64' title='bbox 584 1829 592 1844; x_wconf 86' lang='lat'><strong>·</strong></span> <span class='ocrx_word' id='word_1_65' title='bbox 633 1791 803 1859; x_wconf 76' lang='lat' dir='ltr'>lacau</span> <span class='ocrx_word' id='word_1_66' title='bbox 841 1830 847 1842; x_wconf 80' lang='lat'><strong>·</strong></span> <span class='ocrx_word' id='word_1_67' title='bbox 888 1793 982 1860; x_wconf 80' lang='lat' dir='ltr'>Hru</span> 
     </span>
     <span class='ocr_line' id='line_1_13' title="bbox 304 1899 982 1978; baseline 0 -14"><span class='ocrx_word' id='word_1_68' title='bbox 304 1899 497 1978; x_wconf 80' lang='lat' dir='ltr'>nuova</span> <span class='ocrx_word' id='word_1_69' title='bbox 539 1938 545 1950; x_wconf 84' lang='lat'><strong>·</strong></span> <span class='ocrx_word' id='word_1_70' title='bbox 586 1900 830 1966; x_wconf 72' lang='lat' dir='ltr'>savinus</span> <span class='ocrx_word' id='word_1_71' title='bbox 872 1936 879 1952; x_wconf 86' lang='lat'><strong>·</strong></span> <span class='ocrx_word' id='word_1_72' title='bbox 920 1900 982 1966; x_wconf 88' lang='lat' dir='ltr'>sv</span> 
     </span>
     <span class='ocr_line' id='line_1_14' title="bbox 302 2006 979 2074; baseline 0.004 -3"><span class='ocrx_word' id='word_1_73' title='bbox 302 2006 533 2072; x_wconf 80' lang='lat' dir='ltr'>ennnvn</span> <span class='ocrx_word' id='word_1_74' title='bbox 579 2043 586 2058; x_wconf 85' lang='lat'><strong>·</strong></span> <span class='ocrx_word' id='word_1_75' title='bbox 632 2007 821 2074; x_wconf 81' lang='lat' dir='ltr'>mvnvs</span> <span class='ocrx_word' id='word_1_76' title='bbox 866 2043 874 2058; x_wconf 86' lang='lat'><strong>·</strong></span> <span class='ocrx_word' id='word_1_77' title='bbox 919 2007 979 2074; x_wconf 82' lang='lat' dir='ltr'>Ml</span> 
     </span>
    </p>

    <p class='ocr_par' dir='ltr' id='par_1_4' title="bbox 303 2103 981 2288">
     <span class='ocr_line' id='line_1_15' title="bbox 303 2103 749 2182; baseline 0.007 -4"><span class='ocrx_word' id='word_1_78' title='bbox 303 2111 425 2180; x_wconf 82' lang='lat' dir='ltr'>sano</span> <span class='ocrx_word' id='word_1_79' title='bbox 470 2151 477 2165; x_wconf 86' lang='lat'>-</span> <span class='ocrx_word' id='word_1_80' title='bbox 523 2103 749 2182; x_wconf 80' lang='lat' dir='ltr'>Pesvnaa</span> 
     </span>
     <span class='ocr_line' id='line_1_16' title="bbox 303 2217 981 2288; baseline 0.004 -4"><span class='ocrx_word' id='word_1_81' title='bbox 303 2217 552 2286; x_wconf 71' lang='lat' dir='ltr'>seueras</span> <span class='ocrx_word' id='word_1_82' title='bbox 608 2257 613 2268; x_wconf 85' lang='lat'>·</span> <span class='ocrx_word' id='word_1_83' title='bbox 668 2219 981 2288; x_wconf 76' lang='lat' dir='ltr'>sonuvnsses</span> 
     </span>
    </p>
   </div>
   <div class='ocr_carea' id='block_1_4' title="bbox 64 2375 1217 3738">
    <p class='ocr_par' dir='ltr' id='par_1_5' title="bbox 64 2375 1217 3738">
     <span class='ocr_line' id='line_1_17' title="bbox 80 2375 1215 2468; baseline 0.004 -27"><span class='ocrx_word' id='word_1_84' title='bbox 80 2375 140 2442; x_wconf 85' lang='lat' dir='ltr'>Neu</span> <span class='ocrx_word' id='word_1_85' title='bbox 161 2379 293 2463; x_wconf 81' lang='lat' dir='ltr'>fugisse</span> <span class='ocrx_word' id='word_1_86' title='bbox 317 2402 352 2444; x_wconf 89' lang='lat' dir='ltr'>se</span> <span class='ocrx_word' id='word_1_87' title='bbox 376 2385 489 2465; x_wconf 87' lang='lat' dir='ltr'>aperta</span> <span class='ocrx_word' id='word_1_88' title='bbox 507 2402 714 2448; x_wconf 90' lang='lat' dir='ltr'>numerorum</span> <span class='ocrx_word' id='word_1_89' title='bbox 734 2382 874 2468; x_wconf 80' lang='lat' dir='ltr'>vestigia</span> <span class='ocrx_word' id='word_1_90' title='bbox 893 2383 973 2447; x_wconf 89' lang='lat' dir='ltr'>satis</span> <span class='ocrx_word' id='word_1_91' title='bbox 993 2383 1061 2466; x_wconf 92' lang='lat' dir='ltr'>ipse</span> <span class='ocrx_word' id='word_1_92' title='bbox 1080 2379 1215 2446; x_wconf 89' lang='lat' dir='ltr'>Momm·</span> 
     </span>
     <span class='ocr_line' id='line_1_18' title="bbox 80 2487 1217 2574; baseline 0.001 -24"><span class='ocrx_word' id='word_1_93' title='bbox 80 2507 160 2550; x_wconf 81' lang='lat' dir='ltr'>senus</span> <span class='ocrx_word' id='word_1_94' title='bbox 183 2487 389 2574; x_wconf 77' lang='lat' dir='ltr'>significavit</span> <span class='ocrx_word' id='word_1_95' title='bbox 410 2488 557 2554; x_wconf 89' lang='lat' dir='ltr'>Indicum</span> <span class='ocrx_word' id='word_1_96' title='bbox 581 2513 610 2574; x_wconf 90' lang='lat' dir='ltr'>p.</span> <span class='ocrx_word' id='word_1_97' title='bbox 630 2489 709 2554; x_wconf 85' lang='lat'>485:</span> <span class='ocrx_word' id='word_1_98' title='bbox 732 2488 820 2574; x_wconf 92' lang='lat' dir='ltr'>ipsos</span> <span class='ocrx_word' id='word_1_99' title='bbox 845 2511 956 2554; x_wconf 84' lang='lat' dir='ltr'>versus</span> <span class='ocrx_word' id='word_1_100' title='bbox 980 2489 1033 2553; x_wconf 84' lang='lat' dir='ltr'>vix</span> <span class='ocrx_word' id='word_1_101' title='bbox 1056 2487 1217 2571; x_wconf 81' lang='lat' dir='ltr'>expedias,</span> 
     </span>
     <span class='ocr_line' id='line_1_19' title="bbox 80 2591 1216 2680; baseline 0.004 -26"><span class='ocrx_word' id='word_1_102' title='bbox 80 2593 130 2655; x_wconf 89' lang='lat' dir='ltr'>nisi</span> <span class='ocrx_word' id='word_1_103' title='bbox 151 2616 213 2658; x_wconf 88' lang='lat' dir='ltr'>uno</span> <span class='ocrx_word' id='word_1_104' title='bbox 237 2596 276 2660; x_wconf 88' lang='lat' dir='ltr'>in</span> <span class='ocrx_word' id='word_1_105' title='bbox 302 2593 376 2659; x_wconf 89' lang='lat' dir='ltr'>loeo</span> <span class='ocrx_word' id='word_1_106' title='bbox 400 2594 592 2660; x_wconf 77' lang='lat' dir='ltr'>dormitasse</span> <span class='ocrx_word' id='word_1_107' title='bbox 616 2594 808 2680; x_wconf 84' lang='lat' dir='ltr'>lapidariam</span> <span class='ocrx_word' id='word_1_108' title='bbox 832 2593 1037 2661; x_wconf 81' lang='lat' dir='ltr'>concesseris.</span> <span class='ocrx_word' id='word_1_109' title='bbox 1073 2591 1159 2657; x_wconf 90' lang='lat' dir='ltr'>Nam</span> <span class='ocrx_word' id='word_1_110' title='bbox 1183 2594 1216 2658; x_wconf 91' lang='lat' dir='ltr'>in</span> 
     </span>
     <span class='ocr_line' id='line_1_20' title="bbox 81 2697 1214 2786; baseline 0.003 -25"><span class='ocrx_word' id='word_1_111' title='bbox 81 2697 161 2779; x_wconf 88' lang='lat' dir='ltr'>primi</span> <span class='ocrx_word' id='word_1_112' title='bbox 183 2699 320 2784; x_wconf 88' lang='lat' dir='ltr'>quidem</span> <span class='ocrx_word' id='word_1_113' title='bbox 343 2698 521 2765; x_wconf 76' lang='lat' dir='ltr'>hexametri</span> <span class='ocrx_word' id='word_1_114' title='bbox 554 2701 643 2766; x_wconf 82' lang='lat' dir='ltr'>exitu</span> <span class='ocrx_word' id='word_1_115' title='bbox 670 2722 735 2766; x_wconf 93' lang='lat' dir='ltr'>non</span> <span class='ocrx_word' id='word_1_116' title='bbox 762 2700 1094 2786; x_wconf 45' lang='lat' dir='ltr'>lapidariumapotius</span> <span class='ocrx_word' id='word_1_117' title='bbox 1118 2723 1214 2784; x_wconf 89' lang='lat' dir='ltr'>quam</span> 
     </span>
     <span class='ocr_line' id='line_1_21' title="bbox 81 2802 1215 2892; baseline 0.006 -27"><span class='ocrx_word' id='word_1_118' title='bbox 81 2802 196 2870; x_wconf 78' lang='lat' dir='ltr'>Guttam</span> <span class='ocrx_word' id='word_1_119' title='bbox 224 2806 417 2890; x_wconf 84' lang='lat' dir='ltr'>culpamus,</span> <span class='ocrx_word' id='word_1_120' title='bbox 448 2807 502 2890; x_wconf 90' lang='lat' dir='ltr'>qui</span> <span class='ocrx_word' id='word_1_121' title='bbox 526 2805 659 2872; x_wconf 87' lang='lat' dir='ltr'>SIMVL</span> <span class='ocrx_word' id='word_1_122' title='bbox 681 2807 804 2872; x_wconf 87' lang='lat' dir='ltr'>dederit</span> <span class='ocrx_word' id='word_1_123' title='bbox 831 2830 890 2892; x_wconf 90' lang='lat' dir='ltr'>pro</span> <span class='ocrx_word' id='word_1_124' title='bbox 914 2830 952 2872; x_wconf 93' lang='lat' dir='ltr'>eo</span> <span class='ocrx_word' id='word_1_125' title='bbox 976 2805 1060 2891; x_wconf 87' lang='lat' dir='ltr'>quod</span> <span class='ocrx_word' id='word_1_126' title='bbox 1082 2805 1215 2892; x_wconf 81' lang='lat' dir='ltr'>Viggia·</span> 
     </span>
     <span class='ocr_line' id='line_1_22' title="bbox 64 2911 1216 2980; baseline 0.006 -7"><span class='ocrx_word' id='word_1_127' title='bbox 64 2929 129 2975; x_wconf 61' lang='lat' dir='ltr'>&#39;uus</span> <span class='ocrx_word' id='word_1_128' title='bbox 152 2916 298 2978; x_wconf 86' lang='lat' dir='ltr'>testatur</span> <span class='ocrx_word' id='word_1_129' title='bbox 328 2911 403 2977; x_wconf 86' lang='lat' dir='ltr'>SIM</span> <span class='ocrx_word' id='word_1_130' title='bbox 422 2964 429 2978; x_wconf 95' lang='lat'><strong>.</strong></span> <span class='ocrx_word' id='word_1_131' title='bbox 448 2963 455 2978; x_wconf 94' lang='lat'><strong>.</strong></span> <span class='ocrx_word' id='word_1_132' title='bbox 475 2965 481 2979; x_wconf 93' lang='lat'><em>.</em></span> <span class='ocrx_word' id='word_1_133' title='bbox 500 2913 537 2978; x_wconf 80' lang='lat' dir='ltr'>n</span> <span class='ocrx_word' id='word_1_134' title='bbox 591 2913 678 2978; x_wconf 84' lang='lat' dir='ltr'>Satis</span> <span class='ocrx_word' id='word_1_135' title='bbox 711 2913 805 2979; x_wconf 88' lang='lat' dir='ltr'>hodie</span> <span class='ocrx_word' id='word_1_136' title='bbox 838 2917 966 2980; x_wconf 85' lang='lat' dir='ltr'>constat</span> <span class='ocrx_word' id='word_1_137' title='bbox 998 2914 1037 2979; x_wconf 91' lang='lat' dir='ltr'>de</span> <span class='ocrx_word' id='word_1_138' title='bbox 1065 2913 1216 2980; x_wconf 90' lang='lat' dir='ltr'>Plautina</span> 
     </span>
     <span class='ocr_line' id='line_1_23' title="bbox 84 3017 1215 3106; baseline 0.006 -27"><span class='ocrx_word' id='word_1_139' title='bbox 84 3017 197 3084; x_wconf 83' lang='lat' dir='ltr'>simitu</span> <span class='ocrx_word' id='word_1_140' title='bbox 219 3021 335 3085; x_wconf 82' lang='lat' dir='ltr'>forma</span> <span class='ocrx_word' id='word_1_141' title='bbox 357 3019 459 3104; x_wconf 90' lang='lat' dir='ltr'>deque</span> <span class='ocrx_word' id='word_1_142' title='bbox 481 3020 656 3086; x_wconf 74' lang='lat' dir='ltr'>bacchinon</span> <span class='ocrx_word' id='word_1_143' title='bbox 675 3042 826 3086; x_wconf 90' lang='lat' dir='ltr'>mensura</span> <span class='ocrx_word' id='word_1_144' title='bbox 844 3023 912 3086; x_wconf 89' lang='lat' dir='ltr'>eius</span> <span class='ocrx_word' id='word_1_145' title='bbox 931 3021 1117 3106; x_wconf 71' lang='lat' dir='ltr'>particulae·</span> <span class='ocrx_word' id='word_1_146' title='bbox 1154 3022 1215 3088; x_wconf 83' lang='lat' dir='ltr'>Sed</span> 
     </span>
     <span class='ocr_line' id='line_1_24' title="bbox 84 3126 1215 3212; baseline 0.009 -27"><span class='ocrx_word' id='word_1_147' title='bbox 84 3126 333 3211; x_wconf 86' lang='lat' dir='ltr'>antiquissimam</span> <span class='ocrx_word' id='word_1_148' title='bbox 356 3126 494 3192; x_wconf 89' lang='lat' dir='ltr'>formam</span> <span class='ocrx_word' id='word_1_149' title='bbox 521 3149 561 3192; x_wconf 90' lang='lat' dir='ltr'>ne</span> <span class='ocrx_word' id='word_1_150' title='bbox 589 3126 672 3191; x_wconf 89' lang='lat' dir='ltr'>hanc</span> <span class='ocrx_word' id='word_1_151' title='bbox 699 3127 828 3212; x_wconf 88' lang='lat' dir='ltr'>quidem</span> <span class='ocrx_word' id='word_1_152' title='bbox 851 3126 965 3206; x_wconf 86' lang='lat' dir='ltr'>fuisse,</span> <span class='ocrx_word' id='word_1_153' title='bbox 992 3127 1047 3193; x_wconf 90' lang='lat' dir='ltr'>diu</span> <span class='ocrx_word' id='word_1_154' title='bbox 1071 3134 1121 3194; x_wconf 91' lang='lat' dir='ltr'>est</span> <span class='ocrx_word' id='word_1_155' title='bbox 1143 3151 1215 3194; x_wconf 88' lang='lat' dir='ltr'>cum</span> 
     </span>
     <span class='ocr_line' id='line_1_25' title="bbox 84 3233 1215 3316; baseline 0.006 -22"><span class='ocrx_word' id='word_1_156' title='bbox 84 3233 246 3316; x_wconf 83' lang='lat' dir='ltr'>perspicere</span> <span class='ocrx_word' id='word_1_157' title='bbox 276 3233 376 3300; x_wconf 90' lang='lat' dir='ltr'>nobis</span> <span class='ocrx_word' id='word_1_158' title='bbox 404 3233 464 3298; x_wconf 81' lang='lat' dir='ltr'>visi</span> <span class='ocrx_word' id='word_1_159' title='bbox 488 3257 599 3299; x_wconf 89' lang='lat' dir='ltr'>sumus</span> <span class='ocrx_word' id='word_1_160' title='bbox 623 3257 639 3298; x_wconf 94' lang='lat' dir='ltr'>e</span> <span class='ocrx_word' id='word_1_161' title='bbox 663 3234 756 3299; x_wconf 86' lang='lat' dir='ltr'>valde</span> <span class='ocrx_word' id='word_1_162' title='bbox 779 3234 918 3301; x_wconf 86' lang='lat' dir='ltr'>notabili</span> <span class='ocrx_word' id='word_1_163' title='bbox 948 3236 1105 3301; x_wconf 90' lang='lat' dir='ltr'>memoria</span> <span class='ocrx_word' id='word_1_164' title='bbox 1128 3237 1215 3303; x_wconf 89' lang='lat' dir='ltr'>tituli</span> 
     </span>
     <span class='ocr_line' id='line_1_26' title="bbox 84 3335 1215 3426; baseline 0.005 -25"><span class='ocrx_word' id='word_1_165' title='bbox 84 3335 256 3424; x_wconf 70' lang='lat' dir='ltr'>florentini,</span> <span class='ocrx_word' id='word_1_166' title='bbox 282 3362 382 3424; x_wconf 90' lang='lat' dir='ltr'>quem</span> <span class='ocrx_word' id='word_1_167' title='bbox 401 3363 421 3404; x_wconf 88' lang='lat' dir='ltr'>a</span> <span class='ocrx_word' id='word_1_168' title='bbox 439 3337 559 3424; x_wconf 87' lang='lat' dir='ltr'>Sponio</span> <span class='ocrx_word' id='word_1_169' title='bbox 583 3340 723 3424; x_wconf 90' lang='lat' dir='ltr'>primum</span> <span class='ocrx_word' id='word_1_170' title='bbox 748 3340 915 3424; x_wconf 82' lang='lat' dir='ltr'>vulgatum</span> <span class='ocrx_word' id='word_1_171' title='bbox 935 3342 1162 3426; x_wconf 83' lang='lat' dir='ltr'>recognovisse</span> <span class='ocrx_word' id='word_1_172' title='bbox 1181 3367 1215 3407; x_wconf 87' lang='lat' dir='ltr'>sc</span> 
     </span>
     <span class='ocr_line' id='line_1_27' title="bbox 84 3444 1215 3534; baseline 0.007 -28"><span class='ocrx_word' id='word_1_173' title='bbox 84 3444 197 3529; x_wconf 87' lang='lat' dir='ltr'>inipso</span> <span class='ocrx_word' id='word_1_174' title='bbox 229 3446 346 3531; x_wconf 86' lang='lat' dir='ltr'>lapide</span> <span class='ocrx_word' id='word_1_175' title='bbox 372 3445 517 3530; x_wconf 87' lang='lat' dir='ltr'>Raphael</span> <span class='ocrx_word' id='word_1_176' title='bbox 544 3446 730 3512; x_wconf 89' lang='lat' dir='ltr'>Fabrettius</span> <span class='ocrx_word' id='word_1_177' title='bbox 757 3451 897 3513; x_wconf 88' lang='lat' dir='ltr'>testatus</span> <span class='ocrx_word' id='word_1_178' title='bbox 921 3457 972 3514; x_wconf 84' lang='lat' dir='ltr'>est</span> <span class='ocrx_word' id='word_1_179' title='bbox 994 3472 1024 3533; x_wconf 90' lang='lat' dir='ltr'>p.</span> <span class='ocrx_word' id='word_1_180' title='bbox 1043 3451 1118 3533; x_wconf 83' lang='lat'><strong>201,</strong></span> <span class='ocrx_word' id='word_1_181' title='bbox 1140 3449 1215 3534; x_wconf 83' lang='lat'>492,</span> 
     </span>
     <span class='ocr_line' id='line_1_28' title="bbox 84 3553 1214 3639; baseline 0.009 -27"><span class='ocrx_word' id='word_1_182' title='bbox 84 3553 265 3633; x_wconf 80' lang='lat' dir='ltr'>repetierunt</span> <span class='ocrx_word' id='word_1_183' title='bbox 298 3553 399 3618; x_wconf 87' lang='lat' dir='ltr'>etiam</span> <span class='ocrx_word' id='word_1_184' title='bbox 431 3553 548 3618; x_wconf 86' lang='lat' dir='ltr'>Gorius</span> <span class='ocrx_word' id='word_1_185' title='bbox 582 3553 683 3618; x_wconf 87' lang='lat' dir='ltr'>Inser.</span> <span class='ocrx_word' id='word_1_186' title='bbox 714 3553 785 3620; x_wconf 79' lang='lat' dir='ltr'>Etr.</span> <span class='ocrx_word' id='word_1_187' title='bbox 812 3554 828 3618; x_wconf 93' lang='grc' dir='ltr'>Ι</span> <span class='ocrx_word' id='word_1_188' title='bbox 856 3577 886 3639; x_wconf 93' lang='lat' dir='ltr'>p.</span> <span class='ocrx_word' id='word_1_189' title='bbox 905 3556 971 3621; x_wconf 83' lang='lat'>420</span> <span class='ocrx_word' id='word_1_190' title='bbox 1008 3559 1041 3621; x_wconf 91' lang='lat' dir='ltr'>et</span> <span class='ocrx_word' id='word_1_191' title='bbox 1073 3556 1214 3622; x_wconf 90' lang='lat' dir='ltr'>Orellius</span> 
     </span>
     <span class='ocr_line' id='line_1_29' title="bbox 86 3661 618 3738; baseline 0.013 -19"><span class='ocrx_word' id='word_1_192' title='bbox 86 3677 109 3720; x_wconf 87' lang='lat' dir='ltr'>n</span> <span class='ocrx_word' id='word_1_193' title='bbox 124 3661 211 3726; x_wconf 88' lang='grc'><strong>2863.</strong></span> <span class='ocrx_word' id='word_1_194' title='bbox 258 3662 326 3738; x_wconf 82' lang='lat' dir='ltr'>Qui</span> <span class='ocrx_word' id='word_1_195' title='bbox 349 3661 412 3726; x_wconf 91' lang='lat' dir='ltr'>hoc</span> <span class='ocrx_word' id='word_1_196' title='bbox 433 3661 528 3727; x_wconf 91' lang='lat' dir='ltr'>initio</span> <span class='ocrx_word' id='word_1_197' title='bbox 553 3666 618 3726; x_wconf 88' lang='lat' dir='ltr'>est:</span> 
     </span>
    </p>
   </div>
   <div class='ocr_carea' id='block_1_5' title="bbox 270 3817 1001 4103">
    <p class='ocr_par' dir='ltr' id='par_1_6' title="bbox 270 3817 1001 4103">
     <span class='ocr_line' id='line_1_30' title="bbox 271 3817 1000 3889; baseline 0.005 -4"><span class='ocrx_word' id='word_1_198' title='bbox 271 3817 444 3885; x_wconf 82' lang='lat' dir='ltr'><strong>HILARA</strong></span> <span class='ocrx_word' id='word_1_199' title='bbox 467 3855 473 3870; x_wconf 93' lang='lat'><strong>·</strong></span> <span class='ocrx_word' id='word_1_200' title='bbox 498 3820 640 3887; x_wconf 83' lang='lat' dir='ltr'><strong>MINOR</strong></span> <span class='ocrx_word' id='word_1_201' title='bbox 663 3857 670 3872; x_wconf 91' lang='lat'><strong>·</strong></span> <span class='ocrx_word' id='word_1_202' title='bbox 695 3821 863 3889; x_wconf 80' lang='lat' dir='ltr'><strong>MIDAES</strong></span> <span class='ocrx_word' id='word_1_203' title='bbox 887 3859 894 3873; x_wconf 90' lang='lat'><strong>·</strong></span> <span class='ocrx_word' id='word_1_204' title='bbox 917 3823 1000 3889; x_wconf 89' lang='grc' dir='ltr'>ΜΙΝ</span> 
     </span>
     <span class='ocr_line' id='line_1_31' title="bbox 270 3921 1001 3995; baseline 0.01 -7"><span class='ocrx_word' id='word_1_205' title='bbox 270 3921 407 3988; x_wconf 79' lang='lat' dir='ltr'><strong>ISTRA</strong></span> <span class='ocrx_word' id='word_1_206' title='bbox 435 3959 442 3972; x_wconf 92' lang='lat'><strong>·</strong></span> <span class='ocrx_word' id='word_1_207' title='bbox 471 3923 652 3992; x_wconf 83' lang='lat' dir='ltr'><strong>SIMITVR</strong></span> <span class='ocrx_word' id='word_1_208' title='bbox 683 3962 690 3977; x_wconf 91' lang='lat'><strong>·</strong></span> <span class='ocrx_word' id='word_1_209' title='bbox 724 3927 815 3994; x_wconf 81' lang='lat' dir='ltr'>CVM</span> <span class='ocrx_word' id='word_1_210' title='bbox 849 3966 854 3977; x_wconf 94' lang='lat'>·</span> <span class='ocrx_word' id='word_1_211' title='bbox 888 3929 1001 3995; x_wconf 88' lang='lat' dir='ltr'>MIDA</span> 
     </span>
     <span class='ocr_line' id='line_1_32' title="bbox 272 4030 917 4103; baseline 0.011 -8"><span class='ocrx_word' id='word_1_212' title='bbox 272 4030 372 4096; x_wconf 83' lang='lat' dir='ltr'>SITA</span> <span class='ocrx_word' id='word_1_213' title='bbox 388 4065 396 4080; x_wconf 95' lang='lat'><strong>·</strong></span> <span class='ocrx_word' id='word_1_214' title='bbox 410 4031 490 4097; x_wconf 80' lang='lat' dir='ltr'>EST</span> <span class='ocrx_word' id='word_1_215' title='bbox 505 4069 510 4081; x_wconf 93' lang='lat'>·</span> <span class='ocrx_word' id='word_1_216' title='bbox 525 4033 573 4100; x_wconf 93' lang='lat' dir='ltr'>IN</span> <span class='ocrx_word' id='word_1_217' title='bbox 587 4070 599 4100; x_wconf 90' lang='lat'>·.</span> <span class='ocrx_word' id='word_1_218' title='bbox 611 4034 766 4102; x_wconf 83' lang='lat' dir='ltr'><strong>EADEM</strong></span> <span class='ocrx_word' id='word_1_219' title='bbox 781 4071 788 4086; x_wconf 91' lang='lat'><strong>·</strong></span> <span class='ocrx_word' id='word_1_220' title='bbox 804 4035 917 4103; x_wconf 84' lang='lat' dir='ltr'><strong>OLLA</strong></span> 
     </span>
    </p>
   </div>
   <div class='ocr_carea' id='block_1_6' title="bbox 87 4185 1215 4608">
    <p class='ocr_par' dir='ltr' id='par_1_7' title="bbox 87 4185 1215 4608">
     <span class='ocr_line' id='line_1_33' title="bbox 87 4185 1215 4281; baseline 0.014 -31"><span class='ocrx_word' id='word_1_221' title='bbox 87 4185 213 4276; x_wconf 83' lang='lat' dir='ltr'>Eamque</span> <span class='ocrx_word' id='word_1_222' title='bbox 230 4193 340 4278; x_wconf 90' lang='lat' dir='ltr'>ipsam</span> <span class='ocrx_word' id='word_1_223' title='bbox 360 4191 517 4258; x_wconf 89' lang='lat' dir='ltr'>simitur</span> <span class='ocrx_word' id='word_1_224' title='bbox 534 4195 681 4280; x_wconf 86' lang='lat' dir='ltr'>formam,</span> <span class='ocrx_word' id='word_1_225' title='bbox 700 4219 764 4281; x_wconf 87' lang='lat' dir='ltr'>qua</span> <span class='ocrx_word' id='word_1_226' title='bbox 781 4197 947 4264; x_wconf 86' lang='lat' dir='ltr'>decurtata</span> <span class='ocrx_word' id='word_1_227' title='bbox 965 4201 1068 4265; x_wconf 88' lang='lat' dir='ltr'>evasit</span> <span class='ocrx_word' id='word_1_228' title='bbox 1085 4200 1215 4266; x_wconf 90' lang='lat' dir='ltr'>demum</span> 
     </span>
     <span class='ocr_line' id='line_1_34' title="bbox 89 4295 1215 4389; baseline 0.015 -34"><span class='ocrx_word' id='word_1_229' title='bbox 89 4295 216 4385; x_wconf 84' lang='lat' dir='ltr'>simitu,</span> <span class='ocrx_word' id='word_1_230' title='bbox 249 4297 458 4386; x_wconf 80' lang='lat' dir='ltr'>agnoscimus</span> <span class='ocrx_word' id='word_1_231' title='bbox 493 4301 527 4365; x_wconf 91' lang='lat' dir='ltr'>in</span> <span class='ocrx_word' id='word_1_232' title='bbox 554 4301 711 4389; x_wconf 81' lang='lat' dir='ltr'>Viggiani</span> <span class='ocrx_word' id='word_1_233' title='bbox 743 4303 931 4371; x_wconf 89' lang='lat' dir='ltr'>testimonio</span> <span class='ocrx_word' id='word_1_234' title='bbox 965 4307 1031 4372; x_wconf 90' lang='lat' dir='ltr'>illo.</span> <span class='ocrx_word' id='word_1_235' title='bbox 1088 4305 1148 4371; x_wconf 88' lang='lat' dir='ltr'>Sed</span> <span class='ocrx_word' id='word_1_236' title='bbox 1181 4308 1215 4372; x_wconf 91' lang='lat' dir='ltr'>in</span> 
     </span>
     <span class='ocr_line' id='line_1_35' title="bbox 90 4400 1214 4500; baseline 0.017 -39"><span class='ocrx_word' id='word_1_237' title='bbox 90 4400 174 4469; x_wconf 86' lang='lat' dir='ltr'>altero</span> <span class='ocrx_word' id='word_1_238' title='bbox 196 4429 303 4492; x_wconf 87' lang='lat' dir='ltr'>versu,</span> <span class='ocrx_word' id='word_1_239' title='bbox 327 4407 379 4472; x_wconf 88' lang='lat' dir='ltr'>oui</span> <span class='ocrx_word' id='word_1_240' title='bbox 402 4429 467 4472; x_wconf 88' lang='lat' dir='ltr'>una</span> <span class='ocrx_word' id='word_1_241' title='bbox 489 4409 615 4492; x_wconf 85' lang='lat' dir='ltr'>syllaba</span> <span class='ocrx_word' id='word_1_242' title='bbox 639 4411 729 4476; x_wconf 90' lang='lat' dir='ltr'>deest</span> <span class='ocrx_word' id='word_1_243' title='bbox 752 4411 793 4474; x_wconf 90' lang='lat' dir='ltr'>ad</span> <span class='ocrx_word' id='word_1_244' title='bbox 812 4413 906 4477; x_wconf 91' lang='lat' dir='ltr'>metri</span> <span class='ocrx_word' id='word_1_245' title='bbox 924 4413 1046 4500; x_wconf 84' lang='lat' dir='ltr'>legem,</span> <span class='ocrx_word' id='word_1_246' title='bbox 1068 4437 1135 4480; x_wconf 92' lang='lat' dir='ltr'>non</span> <span class='ocrx_word' id='word_1_247' title='bbox 1159 4437 1214 4498; x_wconf 92' lang='lat' dir='ltr'>pe·</span> 
     </span>
     <span class='ocr_line' id='line_1_36' title="bbox 90 4510 1215 4608; baseline 0.018 -40"><span class='ocrx_word' id='word_1_248' title='bbox 90 4510 141 4573; x_wconf 87' lang='lat' dir='ltr'>test</span> <span class='ocrx_word' id='word_1_249' title='bbox 167 4533 229 4578; x_wconf 89' lang='lat' dir='ltr'>nou</span> <span class='ocrx_word' id='word_1_250' title='bbox 262 4513 303 4578; x_wconf 89' lang='lat' dir='ltr'>ab</span> <span class='ocrx_word' id='word_1_251' title='bbox 336 4514 411 4598; x_wconf 85' lang='lat' dir='ltr'>ipso</span> <span class='ocrx_word' id='word_1_252' title='bbox 444 4515 651 4599; x_wconf 87' lang='lat' dir='ltr'>quadratario</span> <span class='ocrx_word' id='word_1_253' title='bbox 685 4519 950 4602; x_wconf 86' lang='lat' dir='ltr'>praetermissum</span> <span class='ocrx_word' id='word_1_254' title='bbox 982 4544 1051 4589; x_wconf 89' lang='lat' dir='ltr'>esse</span> <span class='ocrx_word' id='word_1_255' title='bbox 1084 4521 1215 4608; x_wconf 85' lang='lat' dir='ltr'>aliquod</span> 
     </span>
    </p>
   </div>
   <div class='ocr_carea' id='block_1_7' title="bbox 0 0 1550 5142">
    <p class='ocr_par' dir='ltr' id='par_1_8' title="bbox 0 0 1550 5142">
     <span class='ocr_line' id='line_1_37' title="bbox 0 0 1550 5142; baseline 0 0"><span class='ocrx_word' id='word_1_256' title='bbox 0 0 1550 5142; x_wconf 95' lang='lat' dir='ltr'> </span> 
     </span>
    </p>
   </div>
  </div>
 </body>
</html>
