2948 5048
455 313 602 360 Tlssnvs
627 309 843 358 uvuumuvs.
895 283 900 291 ⁴
1172 286 1215 349 99

65 462 178 541 patria
200 459 360 524 vendicata
381 455 457 522 dalt’
480 456 615 538 inpiurie
636 455 685 518 del
703 452 811 535 tencpo'
830 450 975 534 repperit
986 446 1218 528 ‘Schenardius

71 565 157 631 nihil
184 569 296 629 tamen
328 562 402 627 inde
430 583 633 646 expromens:
668 560 784 644 quibus
813 559 906 622 testis
935 555 1081 621 oculatus
1109 558 1218 618 sextus

73 673 191 737 merito
220 672 249 736 is
278 670 415 752 aceedit,
447 669 531 733 unde
563 669 598 731 in
625 667 786 751 Pighiana
818 665 1014 729 collectanea
1040 658 1220 746 transiit.*)

74 778 208 845 Schedis
226 783 395 863 praeterea
419 799 503 860 mss,
526 774 695 859 inquibus
715 773 874 855 exstabat,
899 771 1056 835 Gruterus
1075 792 1151 834 usus
1171 772 1221 832 est

76 892 107 950 et
130 885 303 970 Pighianis
327 890 373 967 et,
402 883 441 947 de
465 883 581 967 quibus
605 903 706 964 nuper
729 879 950 943 Mommsenus
975 877 1124 961 exposuit
1146 876 1219 940 Act.

76 993 185 1058 societ.
206 991 368 1057 Saxona.
391 990 475 1056 1850
494 1012 524 1073 p.
543 989 617 1071 294,
636 987 819 1052 Metellanis
840 986 1011 1050 cardinalis
1032 981 1222 1067 Carpensis:

76 1099 302 1164 Ambrosianis
322 1096 528 1178 Muratorius
548 1095 604 1159 sed
623 1095 674 1159 cui
692 1098 862 1178 praeterea
881 1115 953 1157 cum
972 1090 1123 1155 ‘aliorum
1138 1111 1222 1154 com·

78 1205 231 1288 plurium'
256 1205 392 1270 schedae
414 1208 485 1268 tum
510 1203 691 1285 exemplum
721 1202 762 1265 ab
786 1201 930 1265 Antonio
955 1198 1129 1263 Antinorio
1154 1197 1223 1262 cive

79 1311 239 1396 Aquilano
272 1310 500 1375 transmissum
532 1312 663 1393 praesto
696 1308 832 1372 fuerint:
875 1311 908 1371 et
939 1305 1108 1390 Pighianis
1141 1308 1173 1370 et
1205 1327 1222 1368 e

80 1415 204 1484 Moroni
239 1417 347 1482 codice
380 1417 485 1480 ductis
513 1414 700 1479 Heinsiauis
728 1413 944 1478 Burmannus
980 1411 1224 1477 Praetermissis

84 1521 176 1607 igitur
200 1545 337 1608 quorum
360 1522 470 1587 nullus
494 1544 580 1605 usuS,
604 1521 800 1604 reliquorum
820 1519 1055 1602 discrepantem
1074 1520 1115 1583 ab
1135 1519 1224 1583 Orel-

80 1627 166 1696 liano
186 1629 334 1713 exemplo
354 1628 547 1711 scripturam
566 1628 652 1692 infra
670 1627 765 1711 posui
779 1649 843 1691 una
858 1649 930 1690 cum
946 1627 1102 1709 Stephani
1115 1625 1225 1709 Pighii

73 1734 217 1803 lectione
245 1737 374 1819 integra
403 1733 653 1798 eLeidensibus
677 1734 841 1799 codicibus
865 1757 897 1798 n.
923 1733 983 1798 151
1010 1737 1043 1797 et
1068 1732 1130 1798 152
1153 1729 1223 1818 (qui
1239 1747 1260 1785 x

59 1865 143 1909 non
176 1843 330 1908 differunt
366 1841 452 1905 inter
484 1840 532 1923 se)
566 1863 672 1905 meum
705 1842 739 1904 in
775 1863 869 1905 usum
902 1845 1053 1924 excerpta
1085 1838 1225 1923 Eugenii

59 1948 216 2015 Mehleri
235 1949 400 2031 beneficio,
423 1968 440 2011 e
458 1947 664 2011 Berolinensi
683 1947 822 2032 quodam
842 1945 921 2032 (non
940 1967 977 2011 eo
997 1968 1091 2030 quem
1112 1945 1227 2009 biblio-

59 2055 175 2121 2heca
206 2055 311 2139 Regia
343 2052 465 2137 servat)
503 2053 537 2117 in
569 2053 763 2125 Mommseni
797 2077 891 2119 usum
929 2054 971 2118 ab
1003 2052 1086 2117 Iulio
1119 2050 1227 2115 Fried-

59 2161 241 2228 aendero.

154 2267 169 2319 1
194 2263 337 2319 SANCTE
361 2263 433 2318 Vict.
463 2263 525 2317 Ald.
555 2265 627 2332 Aug.
655 2264 725 2318 Mur.
746 2264 765 2317 ‘.
786 2303 792 2314 .
812 2305 818 2316 .
839 2305 845 2317 .
866 2304 872 2317 .
892 2307 897 2318 .
918 2306 951 2319 ..
977 2264 1130 2319 SANCTE’
1162 2267 1228 2334 (non

156 2353 285 2421 SANTE)
303 2352 383 2422 Pigh.
404 2351 547 2406 SANCTO
565 2351 663 2406 FIDIO
684 2352 766 2405 SENI
786 2352 896 2406 PATRI
910 2353 973 2423 Api.
993 2353 1111 2408 SANCO
1131 2353 1228 2407 suml-

155 2441 263 2495 PATRI
278 2441 365 2496 Boias.
384 2458 448 2495 cum
463 2440 535 2494 Scai.
555 2439 681 2496 SANCO.
700 2441 809 2494 FIDIO.
830 2440 1038 2496 SEMOPATRI
1057 2441 1135 2497 Grut.
1149 2443 1229 2497 Pror-

157 2546 199 2583 sus
218 2547 272 2584 om.
291 2530 373 2586 Mers.
460 2527 478 2582 11
497 2527 608 2582 ΤΙΒΙΕΙ
628 2529 689 2598 Api.
709 2530 761 2584 tibi
778 2529 861 2598 Vict.,
880 2530 965 2585 Boiss.
985 2547 1048 2584 cum
1068 2531 1139 2585 Scal.

242 2617 354 2672 LVCIV
373 2618 460 2672 Boios.
479 2635 542 2670 cum
562 2617 634 2671 Scal.
725 2618 866 2672 MVvas
884 2619 948 2688 Api.
969 2619 1031 2675 Ald.
1055 2620 1125 2674 Mur.
1148 2620 1227 2689 Pigh.

157 2705 295 2760 MVINVS
315 2708 386 2776 Ang.
408 2707 547 2773 Maccius,
567 2705 615 2760 sed
635 2723 693 2774 sup.
710 2723 761 2760 scr.
777 2708 906 2777 Mustius,
926 2707 999 2763 Vict.
1013 2707 1133 2762 mumius
1147 2709 1228 2762 Mars.

159 2794 309 2849 uvusssv
328 2794 415 2850 Boias.
439 2812 502 2849 cum
527 2794 598 2849 Scal.
618 2794 762 2848 MVMIVS
783 2795 861 2850 Grut.
900 2797 1016 2851 Murius
1028 2796 1134 2864 Heius,
1155 2795 1227 2851 ‘alii’

159 2883 231 2952 apud
249 2884 319 2938 Mur.
392 2883 485 2938 DOMI
499 2883 594 2939 Heius.
604 2883 743 2938 DONVM.
755 2883 829 2937 DAT
844 2884 906 2938 Ald.
923 2884 1074 2954 posteriore
1093 2886 1155 2939 loco
1170 2884 1229 2938 solo

244 2973 266 3027 8
291 2973 413 3042 aeutiquis
440 2973 513 3027 Vict.
608 2971 680 3025 PRO
710 2971 831 3026 VSVRA
856 2973 929 3027 HAG
955 2974 1026 3041 Ang.
1057 2970 1130 3027 Hoc
1158 2971 1229 3026 PRO

158 3060 277 3116 vsvlm
297 3061 383 3116 Boius.
408 3079 470 3116 cum
489 3059 561 3115 Scel.
653 3059 740 3113 SESE
765 3063 825 3129 (pro
844 3059 886 3114 SE
906 3059 959 3128 SE)
983 3061 1055 3115 Vict.
1075 3060 1138 3115 Ald.
1157 3061 1229 3130 Ang.

155 3147 249 3218 Pigu,
274 3149 360 3204 Boias.
380 3167 442 3204 cum
463 3149 534 3204 Scal.
554 3148 698 3203 SEMPER
717 3148 796 3203 Grut.
886 3149 905 3203 4
924 3149 1058 3204 lvssvm
1076 3149 1140 3218 Api.

159 3235 241 3307 SVO]
261 3235 305 3291 80
324 3237 412 3291 Boias.
432 3255 494 3292 cum
514 3237 584 3292 Scal.
659 3238 741 3291 TVA.
761 3236 868 3308 PACE]
888 3238 933 3293 SA
951 3238 1045 3292 PACE
1063 3239 1152 3295 Boiss.
1168 3258 1230 3295 cum

157 3323 228 3379 Scal.
253 3325 336 3378 TVA.
362 3326 431 3380 OPE
456 3325 535 3380 Grut.
626 3325 725 3380 ROGA
749 3326 823 3381 NTE
848 3326 934 3381 Boiss.
959 3328 1024 3393 (non
1050 3327 1141 3397 Pigh.)

157 3410 178 3465 5
200 3412 382 3468 COGENDEI
408 3413 676 3469 DISSOLVENDEI
695 3415 768 3470 Vict.
792 3414 852 3468 Ald.
878 3413 955 3469 Grut.
976 3417 1045 3484 Aug.
1074 3416 1153 3486 Pigh.
1182 3416 1230 3471 00-

156 3503 239 3569 9mdi
257 3504 440 3557 dissutae-ndei
457 3502 552 3557 Heins.
572 3505 637 3569 (non
655 3502 746 3572 Pigh.)
766 3503 947 3557 COLENDEI
961 3502 1231 3560 DISSOLVENDEI

161 3589 222 3659 Api.
246 3592 366 3660 copenda
389 3592 570 3657 dissoluenda
593 3591 674 3645 Mars.
713 3592 836 3660 Cupendo
859 3592 1041 3646 dc'ssolucndei
1063 3592 1148 3648 Scai:
1174 3594 1230 3650 00-

406 3664 425 3702 n

160 3711 285 3769 GENDO
306 3715 551 3770 DISSOVENDEI
569 3715 655 3770 Boias.
676 3713 871 3771 COGENDEI.
891 3715 945 3770 AC.
966 3715 1232 3772 DISSOLVENDEI

163 3799 232 3856 Mur.
321 3803 369 3857 TV
391 3804 439 3858 VT
458 3804 602 3858 FACILIA
628 3820 691 3857 cum
714 3804 814 3859 ceteris
836 3803 922 3858 ctiam
941 3804 1015 3859 Vict.
1039 3805 1118 3875 Pigh.
1137 3806 1231 3860 Heius.

163 3886 210 3944 VT
228 3891 373 3946 FELICIA
392 3892 478 3946 Boiss.
498 3911 560 3946 cum
580 3893 652 3946 Scal.
723 3893 854 3948 FAXEIS
872 3894 956 3947 Mars.
975 3893 1048 3947 Vict.
1064 3895 1135 3963 Aug.
1151 3895 1231 3964 Pigh.

165 3977 266 4034 FAXIS
290 3980 379 4036 Boiss.
404 3998 467 4035 cum
486 3981 558 4036 Scal.
644 3981 901 4047 uPERfflcmSQ.
921 3982 999 4036 Grut.
1091 3983 1105 4035 7
1127 3982 1231 4047 PROQ.

166 4068 220 4137 Api.
240 4069 320 4139 Pigh.
336 4075 450 4139 propter
468 4070 550 4124 Mars.
570 4071 641 4125 Scal.
662 4070 830 4124 PROPTET
850 4073 916 4139 (non
938 4068 1055 4124 PROPE
1069 4070 1127 4139 ΕΤ)
1143 4071 1230 4127 Boias.

129 4201 301 4223 'X—--ae

185 4315 326 4390 ')[Alitcr
348 4319 445 4386 postea
467 4318 635 4373 Ritschelius
659 4317 807 4384 iudicavit,
831 4334 893 4371 cum
917 4335 1028 4373 omnem
1051 4318 1133 4373 huius
1156 4319 1233 4374 tituli

137 4396 222 4459 ⁰iiiam
235 4405 318 4462 inniti
332 4405 415 4460 unico
430 4407 557 4476 exemplo
572 4407 660 4462 Musei
676 4407 762 4461 [then.
778 4409 799 4461 t.
814 4406 897 4463 XlVl.
912 4424 933 4460 s.
948 4425 970 4461 s.
985 4406 1104 4477 scripsit.
1130 4406 1158 4463 C.
1174 4408 1231 4478 W.]

982 4500 997 4548 ‘1
1006 4499 1020 4532 1
