3062 5142
302 371 349 419 uu
374 369 549 418 suevicae
575 371 753 418 rveroavu
778 372 994 422 rvscvnauo.
1158 359 1220 423 261

74 513 284 598 Procilius,
321 513 542 580 Sextuleius
583 512 785 598 Sextilius,
822 513 1051 581 Tantuleius
1089 515 1221 582 Tanti-

74 623 156 705 lius,
174 619 377 686 Titulcius
397 619 575 704 Titilius,
589 618 799 685 Venuleius
815 620 1004 706 Venilius,
1018 621 1222 690 Vinuleius

74 727 260 812 Vibilius,
286 726 485 793 Vetuleius
501 725 678 792 Vetilius.
711 728 763 792 Ab
775 727 827 792 his
843 732 952 793 autem
972 729 1221 814 simplicissimis

77 835 276 920 maximeque
301 834 462 900 similibus
486 855 619 900 exorsus
644 856 716 900 sum
739 839 777 899 ut
800 834 988 899 antecedere
1012 839 1127 919 aetate,
1156 857 1222 902 non

75 943 169 1007 dicam
194 942 334 1028 singula
355 941 488 1008 nomina
511 963 656 1026 quaeque
683 941 718 1005 in
740 941 806 1006 eus
828 942 1004 1007 terminata
1031 941 1222 1026 (potuerunt

78 1051 152 1114 enim
169 1049 337 1134 quaedam
356 1049 456 1114 etiam
475 1046 708 1133 posterioribus
729 1047 866 1113 saeculis
885 1049 1037 1134 progigni
1057 1048 1098 1113 ad
1117 1069 1221 1113 exem·

76 1156 154 1238 plum
177 1153 418 1242 antiquitatis),
446 1161 481 1220 at
503 1154 587 1220 bane
615 1155 721 1238 ipsam
749 1154 945 1219 terminandi
968 1153 1126 1220 rationem
1149 1156 1220 1220 uni-

78 1283 190 1326 versam
219 1265 316 1327 certa
342 1262 396 1327 via
428 1265 682 1347 argumentarer.
733 1259 825 1337 Quod
852 1282 925 1326 cum
954 1260 1034 1325 mihi
1062 1283 1141 1326 sane
1169 1263 1220 1328 vel

78 1389 139 1432 eam
152 1369 193 1433 ob
208 1390 365 1434 caussam
380 1368 423 1433 sit
437 1367 731 1452 persuasissimum,
749 1367 835 1452 quod
854 1367 999 1452 linguam
1018 1367 1219 1434 intellexisse

80 1475 177 1541 videor
199 1499 270 1540 non
296 1475 434 1540 crevisse
458 1475 492 1539 in
515 1475 687 1558 longarum
706 1472 869 1538 vocalium
888 1472 1014 1557 pondus
1034 1495 1054 1538 a
1072 1475 1218 1540 brevium

79 1581 218 1666 exilitate,
243 1583 305 1647 sed
329 1582 368 1647 ad
389 1580 509 1647 basah
529 1579 596 1644 illis
616 1579 783 1663 delapsam
802 1601 881 1663 esse,
900 1583 1008 1644 tamen
1027 1602 1093 1646 non
1112 1582 1218 1647 minus

78 1689 158 1770 gravi
190 1711 228 1753 ac
258 1689 403 1755 fortasse
430 1687 578 1772 pleniore
605 1689 798 1771 argumento
826 1683 889 1750 hcc
915 1689 998 1770 utor,
1030 1688 1116 1772 quod
1144 1711 1242 1754 eau··

81 1793 140 1859 dem
159 1795 314 1882 linguam
337 1795 403 1860 scio
426 1814 493 1859 non
517 1815 586 1858 esse
610 1813 762 1876 umquam
793 1791 835 1856 ab
860 1793 871 1856 i
894 1792 935 1856 ad
958 1813 980 1856 u
1001 1814 1218 1878 progressam,

81 1900 124 1963 sed
144 1901 314 1966 contrario
337 1900 449 1965 ordine
472 1897 669 1965 u·vocalem
696 1898 730 1962 in
757 1897 939 1962 tenuiorem
962 1899 976 1961 a'
998 1904 1154 1985 mutasse,
1181 1905 1218 1966 ut

82 2007 108 2070 in
145 2010 435 2072 monumentum
476 2004 755 2070 testemonium
798 2005 993 2088 caputalis
1035 2005 1217 2070 carnufex

81 2114 203 2198 opuiex
232 2113 482 2198 magnuficus
511 2112 706 2197 signufico
730 2115 763 2176 et
785 2133 868 2195 quae
892 2115 969 2176 sunt
987 2111 1098 2177 affinia
1117 2133 1217 2196 prope

83 2221 328 2286 imumerabilia.
360 2218 454 2285 Vnde
478 2219 674 2304 perspicitur
696 2218 817 2302 triplici
840 2217 1060 2283 vicissitudine
1079 2241 1216 2304 quorun·

84 2325 143 2389 dam
164 2349 202 2391 ex
224 2327 298 2390 illis
321 2326 490 2391 nominum
508 2325 629 2389 formas
649 2323 696 2388 sie
715 2345 785 2389 sese
806 2324 983 2408 excepisse:
1007 2324 1216 2392 Venuleius

86 2429 250 2498 Venulius
271 2432 463 2514 Venilius,
482 2429 676 2496 Tituleius
696 2429 869 2496 Titulius
894 2430 1070 2517 Titilius,
1093 2430 1216 2499 Ganu-

84 2537 167 2604 leius
188 2537 388 2605 Canuleus
418 2535 520 2626 (quod
544 2542 601 2602 aut
624 2559 644 2601 a
667 2533 876 2602 Canuleius
905 2541 962 2602 aut
990 2536 1215 2605 aCanulius

86 2665 136 2708 non
157 2645 277 2730 differt)
303 2643 492 2710 Oanilius.
529 2643 559 2707 Α
583 2642 700 2728 quibus
723 2643 797 2728 alia,
821 2648 857 2739 ut
880 2643 1079 2709 Amuleius
1103 2644 1215 2711 Amu-

85 2749 158 2836 lius,
187 2751 406 2836 Appuleius
435 2750 642 2834 Appulius,
674 2748 886 2815 Rabuleius
914 2749 1117 2837 Babulius,
1146 2751 1214 2818 Oa-

87 2858 228 2924 nnleius
254 2857 470 2943 Camulius,
496 2857 726 2922 Herculeius
754 2855 974 2940 Herculius,
1002 2857 1215 2926 Rabuleius

87 2962 270 3052 Rabulius,
296 2963 499 3030 Satureius
529 2962 722 3047 Saturius,
750 2961 944 3028 Setuleius
968 2962 1153 3052 Setulius,
1176 2990 1214 3033 ec

89 3074 194 3137 tantum
217 3073 384 3155 differunt,
407 3071 492 3156 quod
515 3071 550 3136 in
573 3071 679 3156 prima
696 3069 802 3135 forma
824 3091 862 3134 ec
881 3071 1019 3138 secunda
1036 3074 1215 3142 subsistens

89 3180 265 3245 consuetudo
289 3199 358 3243 non
380 3182 430 3242 est
451 3178 492 3242 ad
514 3177 647 3243 tertiam
670 3197 852 3263 progressa.
897 3177 1019 3244 Verum
1042 3201 1083 3245 ne
1105 3181 1140 3244 in
1163 3181 1214 3247 bis

88 3282 193 3363 quidem
221 3279 492 3370 acquiescendum
520 3288 570 3349 est
597 3283 653 3349 sed
681 3284 793 3349 eadem
821 3285 976 3352 societate
1007 3286 1088 3351 illud
1111 3309 1213 3374 genus

89 3391 418 3486 comprehendendum,
446 3392 530 3477 quod
558 3391 627 3457 solo
655 3392 706 3455 vel
735 3391 973 3475 geminatamm
997 3393 1047 3457 vel
1069 3415 1136 3458 non
1160 3415 1212 3480 ge-

90 3495 260 3564 minatamm
291 3497 539 3564 consonantium
567 3497 753 3562 discrimine
781 3498 821 3563 ab
850 3497 980 3562 illorum
1003 3498 1213 3565 similitudine

89 3599 177 3670 distat
212 3605 294 3683 Quis
318 3609 368 3670 est
391 3605 476 3670 enim
499 3605 555 3690 qui
578 3605 620 3669 ab
643 3604 858 3688 Appuleius
882 3604 1073 3688 Appulius
1097 3605 1212 3671 formis

91 3729 237 3797 segregare
261 3711 445 3796 Apnllius
469 3711 624 3795 Apilius
648 3711 790 3775 animum
814 3710 969 3776 inducat?
995 3712 1045 3775 vel
1068 3711 1211 3778 Babul-

91 3813 150 3880 lius
177 3819 377 3886 Babillius
414 3842 434 3884 a
464 3819 678 3884 Rabuleius
711 3817 914 3904 Babulius,
951 3816 1154 3884 Canullius
1192 3843 1212 3884 a

92 3915 274 3992 Canuleius
299 3925 492 3993 Canuleus
512 3923 701 4009 Canilius,
725 3922 932 3990 Camillius
957 3919 1256 3996 aOamuleiusvr

92 4025 278 4116 Canulius,
313 4031 520 4097 Rabullius
551 4055 570 4096 a
597 4031 811 4116 Rabuleius
839 4029 1043 4109 Rabulius‚
1076 4028 1210 4096 Venel-

93 4131 152 4199 lins
184 4161 202 4202 a
234 4137 446 4204 Venuleius
483 4137 667 4204 Venulius
704 4135 894 4221 Venilius,
935 4135 1154 4202 Vettuleius
1192 4160 1212 4202 a

95 4235 269 4333 l⁷etuleius
298 4244 480 4328 Vetilius,
511 4245 694 4328 Epullius
730 4244 771 4309 ab
799 4243 1027 4328 Eppuleius,
1063 4242 1210 4309 Vtilius

96 4345 316 4436 athullius,
338 4349 531 4416 Romilius
555 4371 573 4414 a
595 4349 834 4416 Romullius?
856 4347 934 4415 Nec
953 4348 1039 4414 enim
1058 4371 1210 4434 umquam

95 4450 321 4524 obliviscendum
346 4460 397 4522 est
419 4455 597 4543 geminatas
621 4460 837 4522 consonantes
863 4456 1000 4521 latinum
1029 4478 1210 4524 sermonem
