2948 5048
217 312 257 374 12
532 325 752 374 s1>1cnso1vn
776 325 1050 373 snmnannrcvn.

216 568 219 583 .
315 542 334 588 l'
345 541 1029 601 Anu1vl0·1²·dovrn·nF.STO-le·nnrv·xxvl
1040 540 1264 586 Ernnlnvmu

216 586 220 711 l
243 647 1343 698 soumis-Luemmnan-xlxnnplun·Ananrs·n1ATER·F1L·camss
1380 629 1422 692 10

215 718 220 863 Ι
493 755 1044 804 Tacvvn1·cvn·cnav·vunnms·D·
1069 756 1132 802 s·P

214 867 627 878 ...-—---——.-—-..--—-

214 1008 324 1073 Verba
346 1008 410 1091 ipsi
434 1030 509 1072 arae
533 1008 690 1091 inscripta
713 1008 767 1071 diu
791 1011 842 1071 est
865 1029 937 1072 cum
960 1005 1133 1071 Fabrettus
1157 1006 1306 1090 vulgavit
1324 1008 1365 1092 X,

213 1116 292 1198 401,
322 1116 394 1180 basi
417 1115 574 1198 inscripta
597 1113 742 1178 nondum
765 1115 983 1178 innotuerunt.
1028 1113 1136 1198 Atque
1160 1117 1297 1197 apparet
1322 1115 1365 1179 sd

214 1220 348 1285 eandem
376 1221 563 1286 Ambiviam
598 1221 665 1285 sive
699 1225 828 1306 gentem
862 1220 929 1284 sive
960 1219 1121 1283 familiam
1152 1218 1237 1282 hunc
1265 1221 1366 1302 atque

213 1327 307 1391 illum
330 1327 463 1391 titulum
490 1326 665 1410 pertinere:
694 1331 732 1391 ut
753 1327 893 1392 fortasse
919 1327 1020 1410 ipsius
1042 1324 1165 1408 Publii,
1192 1324 1248 1408 qui
1271 1346 1365 1389 aram

214 1433 362 1499 Hermeti
386 1434 470 1518 patri
493 1434 706 1521 etylucundae
725 1433 827 1498 sorori
847 1436 1010 1517 posuerat,
1033 1431 1176 1516 Amphis
1194 1431 1366 1514 Ampliata

215 1542 332 1606 coniux
354 1541 462 1623 fuerit,
485 1541 572 1606 filius
596 1547 705 1605 autem
729 1540 853 1605 Festus.
900 1540 939 1605 V.
963 1542 983 1605 6
1007 1541 1092 1623 apud
1116 1538 1211 1603 Fabr.
1234 1560 1365 1622 expres·

214 1671 286 1714 sum
314 1651 365 1713 est
387 1647 510 1713 LXVII
538 1670 596 1732 pro
621 1646 723 1731 LXV,
752 1647 942 1732 diligentius
972 1650 1009 1711 ut
1035 1645 1131 1710 facilc
1158 1645 1365 1729 perspicitur.

215 1755 277 1820 Sed
297 1755 382 1840 quod
401 1755 486 1820 idem
505 1778 534 1819 v.
554 1755 571 1818 7
588 1754 631 1817 P·
645 1752 796 1839 Lbbcrta)
815 1753 950 1837 praebet
968 1775 1026 1837 pro
1045 1749 1220 1837 P·F(il·iu),
1239 1751 1366 1837 discep-

214 1863 278 1928 tari
306 1862 339 1926 in
373 1864 544 1945 utramque
574 1864 700 1945 partem
727 1865 846 1945 potest.
885 1860 960 1925 Etsi
984 1860 1069 1924 enim
1093 1859 1246 1924 libertino
1270 1864 1366 1943 patre
1463 1945 1468 1952 Ι

213 1973 290 2033 nata
322 1990 388 2032 non
423 1967 489 2031 luit
524 1967 694 2050 libertina,
735 1971 845 2032 tamen
878 1968 986 2051 potuit
1018 1971 1094 2031 ante
1126 1965 1364 2033 manumissum

213 2078 340 2159 patrem
364 2073 441 2157 filia,
464 2077 581 2156 postea
603 2072 731 2137 demum
751 2074 836 2137 filius
860 2073 961 2156 nasci,
985 2074 1019 2136 in
1042 2073 1227 2138 libertatem
1252 2076 1364 2139 autem

213 2183 272 2248 illa
303 2180 400 2246 simul
439 2203 512 2245 cum
539 2180 693 2244 Hermete
731 2184 824 2265 patra
856 2181 965 2245 vocari
999 2203 1018 2244 a
1050 2180 1166 2246 Publio
1199 2179 1363 2247 Ambivio.

214 2290 419 2372 Quamquam
436 2309 502 2352 non
522 2287 621 2352 babet
638 2288 701 2352 hoc
719 2308 795 2351 sane
810 2287 948 2350 multum
963 2286 1215 2370 probabilitatis.
1238 2285 1365 2353 Contra

213 2398 247 2461 in
282 2395 353 2461 basi
384 2399 636 2460 commemorata
665 2394 819 2460 Ambivio
846 2393 978 2479 Agathe
1006 2394 1132 2458 videtur
1164 2393 1292 2478 quidem
1330 2398 1364 2459 et

215 2502 369 2567 libertina
392 2502 455 2566 dici
479 2505 512 2565 et
531 2501 718 2587 Ampliatae
736 2500 813 2564 filia.
845 2499 947 2584 Atqui
966 2499 1029 2564 huc
1048 2499 1284 2564 accommodari
1302 2500 1365 2565 illa

214 2608 399 2693 explicandi
422 2608 508 2673 ratio
531 2608 678 2692 plurimis
702 2607 740 2672 dc
764 2606 887 2673 caussis
910 2607 1031 2690 nequit.
1075 2606 1262 2671 Tenendum
1279 2606 1364 2672 illud

213 2721 264 2782 est
288 2717 462 2801 imprimis,
489 2719 568 2780 natu
599 2716 756 2779 minorem
787 2713 938 2799 Agathen
965 2735 1061 2798 quam
1090 2712 1223 2778 Festum
1250 2712 1364 2778 fuisse.

214 2823 469 2889 Comminiscare
498 2823 665 2906 complura
692 2821 787 2904 licet,
816 2842 899 2905 quae
923 2823 1003 2905 quot
1025 2819 1234 2884 difficultates
1257 2841 1363 2886 remo-

215 2939 288 2997 vere
317 2929 502 3011 videantur,
533 2931 584 2992 tot
611 2950 712 2994 novas
745 2932 854 2992 creent
880 2926 1093 3012 redarguique
1121 2926 1364 2991 evidentissime

215 3037 354 3122 possint:
378 3059 442 3120 quo
465 3037 631 3121 pertinent
654 3037 760 3118 etiam,
784 3057 866 3120 quae
890 3035 1013 3100 erudite
1036 3038 1069 3099 et
1092 3057 1150 3100 suo
1173 3034 1244 3099 loco
1263 3034 1366 3119 aptis·

215 3146 299 3209 sima
322 3143 361 3208 de
386 3142 547 3208 similibus
567 3142 742 3207 Fabrettus
765 3141 947 3225 disputavit
968 3165 998 3225 p.
1019 3142 1037 3205 7
1058 3163 1126 3225 sqq.
1163 3140 1271 3206 Vnum
1290 3148 1363 3209 tan·

214 3257 283 3317 tum
308 3253 398 3335 patet
421 3248 615 3335 perfugium,
638 3253 676 3314 ut
696 3248 840 3313 Ambivii
858 3247 948 3312 Fasti
972 3249 1074 3331 ipsius
1093 3247 1212 3313 liberta
1230 3247 1363 3332 Agathe

213 3359 318 3439 suerit,
341 3378 408 3421 non
430 3355 530 3420 fuerit
548 3356 616 3419 filia
634 3355 828 3438 Amplistae.
858 3352 996 3419 Constat
1015 3354 1101 3418 enim
1120 3376 1229 3419 servas
1248 3377 1361 3419 manu-

216 3464 303 3529 mitti
325 3463 447 3546 solitas‚
471 3484 534 3547 quo
558 3462 599 3526 ab
618 3463 697 3547 ipsis
723 3461 786 3526 eris
811 3461 1010 3526 ducerentur.
1043 3459 1287 3526 Consectarium
1302 3466 1363 3545 est,
1425 3446 1431 3453 ⁵

214 3571 282 3636 lllL
301 3606 308 3620 ·
328 3566 479 3636 onulss
503 3590 568 3632 non
593 3569 699 3632 valere
721 3569 798 3649 filiis
816 3569 986 3632 carissimis
1003 3565 1083 3652 (non
1101 3567 1186 3630 enim
1205 3565 1252 3629 ita
1270 3566 1362 3651 loqui

213 3677 339 3742 licitum
363 3673 544 3761 Romanis),
567 3675 623 3743 sed
645 3676 711 3757 filio
733 3674 902 3739 carissimo.
937 3675 1080 3752 Quorum
1098 3668 1361 3737 verborumcol·

213 3783 334 3849 locatio
358 3783 517 3847 censenda
545 3786 594 3847 est
618 3804 655 3846 ex
679 3783 782 3865 ipsius
807 3782 924 3846 affectu
947 3781 1147 3866 Ampliatae,
1171 3802 1253 3864 quae
1277 3780 1361 3845 bene

121 3936 130 3947 ι
213 3891 326 3956 volens
354 3890 448 3954 nurui
478 3889 626 3973 proximo
658 3889 787 3954 vinculo
817 3889 926 3954 uxoris
960 3911 1032 3954 cum
1064 3886 1174 3952 mariti
1203 3888 1361 3951 memoria
1439 3884 1443 3891 ’

212 3996 407 4081 iungendam
429 3999 570 4079 putaret.
589 4034 631 4042 -
650 3996 745 4061 Nunc
768 4000 876 4060 autem
900 3996 1035 4060 ulterius
1060 3995 1158 4059 etiam
1176 3993 1361 4078 progredia-

213 4125 298 4186 mur,
326 4107 358 4167 ct
386 4125 468 4187 qnae
495 4126 576 4168 uxor
603 4103 701 4168 fuerit
723 4103 887 4167 Hermetis
916 4103 1033 4186 patris,
1069 4106 1172 4166 mater
1200 4102 1302 4186 igitur
1324 4102 1360 4167 P.

214 4209 359 4273 Ambivii
381 4208 416 4272 P.
444 4208 479 4273 F.
506 4208 680 4295 Hermetis,
707 4209 869 4293 probabili
897 4213 933 4273 ut
956 4209 1153 4273 arbitramur
1176 4209 1360 4274 coniectura

214 4316 405 4400 aperiamus.
442 4314 561 4380 Exstat
583 4316 868 4381 coniunctissimus
892 4339 965 4380 cunr
984 4319 1097 4380 nostro
1119 4316 1204 4399 apud
1223 4317 1359 4381 eundem

214 4422 405 4489 Fabrettum
433 4421 481 4506 X,
516 4424 579 4488 399
607 4425 722 4489 titulus
751 4423 815 4488 hic:
851 4421 1359 4511 blla-MANIBVS,:P·AMBI-
