3080 5142
465 407 741 458 svennsunurvu
765 407 796 458 v.
1149 389 1211 458 561

89 551 223 636 pependit
245 575 262 617 e
281 551 401 618 Millini
425 554 573 637 exemplo
592 577 622 638 p.
637 553 701 618 397
721 555 845 639 posito,
868 554 949 619 satis
968 554 1025 619 illo
1045 555 1214 620 emendato

88 661 137 724 nisi
158 660 238 744 quod
261 661 481 744 interpunctio
507 661 613 725 omnis
637 661 739 726 abest.
780 663 782 666 ’

160 767 196 831 ln
218 765 278 832 hoo
308 767 409 850 igitur
437 767 534 832 titulo
558 768 728 833 tractando
759 769 842 853 qnod
870 791 1003 853 prorsus
1031 770 1216 855 neglectum

88 873 218 956 mirabar,
240 873 303 938 hoe
327 876 407 956 erat,
430 874 515 958 quod
538 874 594 938 ille
613 896 686 940 cum
706 875 828 941 omisso
847 875 1005 940 Iuliorum
1024 877 1215 962 cognomine

88 985 143 1044 tum
168 979 363 1065 diphthongi
391 980 530 1046 IVLIEI
558 987 591 1046 et
618 979 743 1046 SVEIS
773 982 907 1047 vocibus
937 1005 997 1046 usu
1024 982 1216 1066 posterioris

88 1086 186 1150 neate
217 1087 449 1171 cogitationem
484 1109 614 1153 omnem
647 1088 814 1154 excludere
848 1091 945 1174 atque
978 1089 1058 1154 adeo
1088 1088 1215 1152 'liberae

89 1193 238 1257 etiamtum
257 1193 469 1278 reipublicae
488 1197 636 1278 tempora
654 1194 832 1260 certissime
852 1195 1028 1261 contestari
1047 1195 1215 1259 rideretur.

90 1301 179 1384 Atque
192 1300 230 1364 de
243 1299 291 1365 EI
302 1300 464 1384 scriptura
478 1300 587 1364 dedita
601 1323 704 1385 nuper
718 1323 817 1384 opera
830 1301 864 1366 in
878 1303 994 1367 horum
1006 1299 1215 1385 Supplemen·

89 1409 178 1471 torum
198 1405 356 1472 fasciculo
380 1405 427 1471 IV
448 1409 492 1491 [p.
509 1407 575 1472 542
589 1411 671 1493 sqq]
698 1408 784 1472 hanc
811 1409 916 1493 ipsam
945 1409 1149 1493 potissimum
1172 1408 1215 1471 ob

89 1535 217 1578 caussam
241 1513 400 1598 quaesivi,
430 1517 467 1578 nt
490 1513 565 1578 inde
588 1515 778 1598 proficerem
802 1515 843 1579 ad
866 1516 995 1580 titulum
1021 1513 1215 1580 Glanensem

88 1620 186 1684 rectius
215 1619 441 1685 definiendum.
486 1619 550 1685 Vbi
580 1621 607 1685 si
635 1643 711 1686 vere
735 1622 899 1706 disputavi
930 1622 963 1686 in
987 1622 1105 1686 dativis
1129 1621 1217 1686 abla-

87 1725 206 1810 tivisque
235 1725 286 1812 (ut
310 1724 449 1812 svuls)
479 1726 719 1812 diphthongum
746 1731 799 1793 vir
827 1729 914 1793 ultra
941 1727 1113 1813 imperium
1137 1724 1215 1791 an-

87 1833 153 1896 saris
176 1834 316 1920 Augusti
340 1833 537 1918 perstitisse,
565 1833 600 1897 in
623 1835 832 1900 nominativis
857 1830 1023 1919 (IVLIEI)
1048 1834 1217 1919 aliquanto

88 1937 168 2002 etiam
191 1940 283 2024 prius
308 1939 451 2025 desiisse,
477 1961 676 2024 consequeus
701 1944 751 2005 est
774 1943 811 2004 ut
833 1963 853 2004 a
875 1961 952 2006 vero
976 1940 1093 2004 mirum
1118 1961 1216 2024 quan-

86 2045 141 2107 tum
157 2043 445 2131 Francogallorum
469 2045 588 2111 iudicia
612 2047 843 2111 aberraverint.
875 2045 927 2111 Ita
945 2045 1046 2130 igitur
1065 2046 1218 2110 sentienti

88 2148 154 2213 nihil
175 2152 363 2237 contingere
387 2152 571 2237 exoptatius
594 2153 702 2236 potuit
720 2174 818 2237 quam
838 2151 936 2236 quod,
959 2155 1090 2236 praeter
1106 2174 1217 2217 munu-

87 2257 172 2321 menti
193 2258 371 2343 imaginem
394 2261 484 2352 cuius
508 2281 606 2343 supra
635 2259 833 2324 mentionem
861 2243 923 2324 feei
948 2259 1218 2346 photographam,

87 2363 168 2427 etium
189 2365 412 2449 inscriptionis
437 2365 618 2450 exemplum
647 2365 766 2430 eximia
797 2371 830 2430 et
853 2371 923 2432 arte
947 2371 980 2431 et
1003 2389 1081 2432 cura
1103 2367 1217 2432 colori-

87 2468 134 2532 bus
150 2473 271 2554 pictnm
289 2471 536 2555 incomparabili
551 2469 813 2536 Sauremenaium
827 2472 1030 2558 benignitate
1048 2473 1084 2538 in
1102 2495 1218 2537 manus

87 2596 160 2640 meas
176 2578 332 2662 pervenit.
363 2578 456 2654 Quod
475 2578 571 2642 simul
595 2581 691 2663 atque
711 2578 812 2643 oculis
836 2578 972 2664 intueor,
995 2579 1071 2644 ilico
1095 2579 1218 2662 species

87 2683 311 2750 evidentissima
348 2685 416 2749 eius
454 2685 658 2750 litteraturae
697 2686 863 2770 apparuit,
900 2687 1006 2779 qualis
1038 2685 1101 2750 fuit
1133 2686 1218 2750 circa

87 2793 218 2874 tempora
246 2793 392 2856 exeuntia
422 2793 541 2858 saeculi
571 2791 701 2875 septimi
732 2791 936 2877 incautisque
965 2792 1078 2859 octavi
1125 2791 1217 2868 Quod

87 2895 197 2979 quidem
222 2899 269 2963 ita
291 2920 362 2964 esse
385 2897 496 2982 facile,
525 2898 580 2983 qui
603 2897 719 2962 harum
743 2919 849 2962 rerum
879 2899 1019 2983 aliquem
1044 2921 1138 2964 usum
1161 2899 1219 2963 ha-

87 2999 161 3086 beat,
189 3027 230 3071 ex
252 3027 291 3069 ea
312 3003 461 3088 tabula*)
489 3003 665 3088 perspiciet
694 3024 759 3087 qna
781 3004 902 3088 figuras
926 3003 1108 3071 litterarum
1132 3005 1218 3072 omni

87 3107 135 3171 fide
152 3110 382 3196 lithographus
401 3115 513 3176 noster
532 3109 574 3174 ad
592 3131 703 3174 verum
723 3109 883 3194 expressit
901 3110 961 3176 sub
975 3113 1017 3176 A.
1044 3112 1217 3178 Praeterea
1322 3145 1327 3158 ·
1413 3125 1420 3132 '

87 3235 137 3296 quo
165 3218 247 3282 nihil
280 3219 464 3284 omitterem
494 3221 607 3301 aptum
644 3216 684 3281 ad
717 3216 989 3301 persuadendum,
1024 3219 1217 3283 transmisso

88 3325 216 3407 exemplo
249 3323 459 3409 lithographo
490 3345 507 3388 e
537 3323 743 3407 peritissimis
765 3323 810 3391 ‚in
842 3323 904 3388 hoc
937 3345 1053 3409 genere
1086 3324 1218 3389 arbitris
1290 3363 1297 3376 ·

88 3423 231 3497 Guilelmo
259 3430 413 3497 Henneno
447 3434 480 3495 et
512 3429 556 3496 Io.
579 3429 732 3514 Baptista
759 3429 877 3496 Rossio
909 3430 947 3495 de
979 3431 1075 3496 hniua
1108 3434 1271 3495 aetatevn

88 3535 248 3620 scripturae
272 3538 459 3604 sciscitatus
482 3538 572 3602 nulla
595 3534 791 3620 interposita
814 3558 906 3603 mora
928 3557 1119 3620 responsum
1148 3537 1219 3621 tuli,

88 3659 140 3705 non
166 3666 261 3728 posse
284 3643 353 3710 ullo
376 3643 472 3711 modo
499 3642 641 3708 dubitari
670 3641 748 3727 quin
775 3642 834 3707 illa
861 3647 919 3708 aut
944 3643 1068 3708 ultimis
1095 3647 1217 3727 tempo-

87 3745 161 3812 ribus
192 3751 314 3815 liberae
347 3749 394 3814 rei
426 3749 575 3834 publicae
606 3752 663 3813 aut
692 3749 831 3815 fortasse
860 3748 974 3834 primis
1002 3749 1131 3834 imperii
1162 3751 1218 3815 tri·

87 3851 201 3921 buenda
225 3861 319 3924 esset
1078 3931 1081 3944 .

160 3962 261 4028 Vides
280 3985 378 4049 quam
401 3967 489 4028 recte
506 3964 572 4028 vim
593 3967 626 4027 et
645 3985 739 4028 nsum
759 3961 984 4047 epigraphices
1002 3962 1217 4046 praedicarim

89 4065 120 4130 ad
145 4068 370 4136 illustrandam
409 4070 682 4135 emendandamve
719 4068 892 4135 historiam
930 4067 1011 4132 artis
1047 4069 1217 4135 valentem.

89 4171 198 4261 Quippe
220 4199 306 4242 nunc
328 4177 457 4241 demum
480 4177 603 4241 eertum
626 4197 685 4240 nec
708 4174 776 4240 ullo
795 4178 891 4258 pacto
910 4174 1011 4239 fallax
1028 4175 1218 4240 fundamen·

90 4330 286 4344 ·-———...--—

162 4423 186 4491 *)
205 4423 275 4478 Eam
300 4423 426 4478 tabulam
449 4422 497 4492 qni
523 4419 685 4492 expetierit,
714 4421 808 4476 venire
836 4419 908 4475 sciat
934 4420 1009 4490 apud
1037 4422 1069 4476 A.
1093 4419 1218 4476 Marcum

88 4503 218 4564 librarium
236 4511 418 4567 Bonnensem.

131 4617 168 4653 en
183 4619 332 4655 nereensem
350 4620 482 4656 orvscvnr
501 4591 552 4656 ivs
970 4604 1003 4652 36
