3062 5142
397 329 604 378 unrrnoavu
631 329 893 392 rnrrovrssrnrs.
1153 315 1217 380 279

524 541 688 610 GAPVT
716 543 763 610 Il.

158 684 312 751 Proxima
342 709 414 752 cum
447 686 580 753 Saturni
613 687 730 771 poculo
768 686 924 750 societate
961 685 1027 751 alia
1060 687 1217 770 quaedam

87 791 199 856 vascula
221 792 340 857 fictilia
359 793 574 876 continentur,
597 794 677 858 item
700 792 751 856 dei
775 791 906 858 nomine
924 791 1035 858 Latini
1059 794 1217 859 subiecto-

85 919 134 980 quc
158 896 361 964 POOOLOM
389 899 548 964 vocabulo
576 898 739 982 inscripta
791 897 995 982 Quamquam
1024 898 1085 964 hoc
1118 899 1217 964 inter·

85 1004 162 1086 cedit,
183 1005 268 1088 quod
294 1005 379 1068 ollae
403 1009 536 1069 ansatae
559 1003 731 1088 (scyphum
747 1002 938 1068 Garrueeius
957 1003 1051 1091 dixit)
1076 1006 1215 1088 speciem

86 1111 167 1174 babet
184 1113 338 1195 poculum
353 1109 497 1194 Saturni,
521 1110 606 1194 quod
629 1111 736 1194 ipsum
759 1110 855 1174 facile
880 1110 1040 1194 quispiam
1061 1112 1216 1196 antiquis·

86 1219 185 1282 simum
207 1218 355 1282 omnium
379 1219 505 1300 dixerit,
529 1221 638 1282 cetera
661 1223 738 1282 sunt
760 1221 901 1301 paterae.
943 1217 1023 1282 Eius
1047 1219 1175 1302 generis
1199 1241 1217 1284 e

85 1325 164 1388 terris
196 1324 303 1390 adhuc
334 1323 526 1408 prodierunt
557 1343 613 1388 sex
646 1323 805 1407 exempla,
842 1324 1023 1407 composita
1050 1347 1153 1409 nuper
1182 1327 1215 1392 in

87 1429 114 1492 Ο.
130 1430 216 1496 lahni
239 1431 280 1494 de
305 1431 388 1495 cista
406 1429 552 1496 Ficoron.
572 1451 687 1494 comm.
710 1452 741 1514 p.
760 1429 812 1495 55.
844 1429 987 1512 Reparta
1005 1435 1081 1496 sunt
1099 1435 1217 1516 autem,

87 1536 117 1598 de
136 1558 264 1622 quorum
290 1537 417 1623 origine
437 1537 575 1618 constat,
598 1533 632 1598 iu
646 1533 799 1598 Etruriae
818 1534 935 1600 finibus
950 1533 1079 1601 Latium
1103 1560 1216 1603 versus

87 1645 191 1708 omnia:
214 1647 251 1708 ut
274 1643 417 1707 indidem
438 1640 591 1706 credibile
611 1640 655 1704 sit
673 1639 771 1704 etiam
786 1637 918 1704 Saturni
938 1643 1090 1725 poculum
1109 1645 1215 1710 oriun-

88 1747 148 1811 dum
168 1771 243 1814 esse.
276 1750 348 1814 Nec
371 1749 488 1812 mirum
512 1747 648 1812 Latinos
673 1746 748 1811 deos
773 1768 792 1809 a
814 1745 939 1810 Latinis
963 1745 1149 1813 hominibus
1173 1752 1214 1816 ab

88 1855 123 1917 eis
142 1856 345 1938 potissimum
368 1840 570 1938 temporibus
595 1853 699 1918 cultos
720 1875 790 1917 esse
809 1853 894 1917 inter
908 1853 1075 1939 Etruscos,
1097 1857 1214 1939 quibus

89 1959 115 2023 hi
130 1966 197 2044 post
213 1965 264 2028 tot
283 1962 393 2028 clades
413 1961 455 2026 ab
475 1982 559 2025 anno
579 1959 680 2024 ferme
695 1956 897 2024 COCGLXII
913 1959 952 2023 ad
968 1956 1214 2025 GCCCLXXIV

89 2073 214 2151 acceptas
238 2070 273 2133 in
298 2069 489 2134 societatem
508 2089 527 2131 a
546 2065 703 2132 Romanis
725 2066 846 2150 recepti
871 2069 954 2130 suut
984 2063 1029 2129 Vt
1047 2088 1113 2131 non
1133 2068 1214 2132 mul·

90 2177 143 2236 tun
159 2173 225 2240 falli
244 2197 342 2261 posse
361 2173 510 2238 videatur
529 2174 584 2257 qui
603 2195 760 2238 annorum
776 2169 1019 2238 CCCCLXXIV
1036 2176 1069 2237 et
1087 2174 1216 2239 circiter

90 2275 161 2344 DXX
177 2282 324 2348 terminis
343 2282 474 2346 illorum
495 2279 727 2345 confectionem
748 2279 953 2344 vasculorum
972 2281 1117 2345 omnium
1141 2302 1214 2346 con·

91 2385 187 2452 cludat.
225 2389 317 2454 'Nam
340 2388 429 2452 ultra
452 2386 512 2451 hos
535 2387 615 2450 fines
642 2407 707 2450 non
737 2385 869 2450 durasse
896 2386 1063 2450 nominum
1092 2387 1214 2453 formas

91 2490 116 2554 iu
133 2490 177 2557 OS
198 2499 230 2560 et
253 2494 317 2562 OM
341 2497 508 2577 exeuntes,
536 2493 615 2557 satis
643 2513 747 2576 nuper
771 2491 1020 2557 communivisse
1044 2513 1082 2556 ea
1104 2492 1214 2576 dispu-

93 2599 192 2664 tatione
224 2603 338 2668 videor
369 2623 467 2686 quam
498 2601 537 2664 de
566 2599 682 2684 elogiis
711 2597 898 2683 Scipionum
931 2597 1085 2680 scriptam
1119 2597 1213 2665 initio

93 2705 239 2774 voluminis
267 2709 315 2774 IX
348 2709 454 2774 Musei
485 2707 590 2773 nostri
622 2705 812 2791 philologici
847 2707 958 2788 [supra
985 2727 1015 2788 p.
1038 2705 1104 2768 213
1129 2707 1212 2792 sqq]

93 2813 172 2890 posui
213 2814 279 2880 Vbi
304 2814 478 2900 quodiam
502 2813 663 2898 principio
691 2813 774 2878 sexti
803 2811 923 2876 saeculi
947 2810 1079 2876 desiisse
1104 2833 1213 2878 earum

93 2937 166 2984 usum
185 2921 362 2988 formarum
386 2921 518 3006 negavi,
541 2941 579 2986 eo
602 2919 720 2984 rectius
742 2918 805 2984 feci
827 2940 890 3003 quo
910 2916 1126 2984 commodiore
1146 2920 1213 2985 eius

94 3025 127 3086 rei
149 3033 332 3112 argumento
360 3027 408 3092 uti
428 3030 606 3110 potueram
636 3047 674 3090 er
702 3025 914 3109 inscriptione
945 3027 1072 3089 statuae
1101 3047 1213 3090 aereae

94 3126 175 3197 linei
194 3133 436 3220 Kircberiani*)
461 3134 574 3217 petito,
605 3151 687 3217 quae
705 3132 785 3197 haec
808 3138 870 3196 est:
899 3129 1212 3210 CPOMPONIQVI-

94 3233 232 3326 llIOPOS,
255 3241 303 3306 sic
316 3244 353 3306 ut
368 3243 504 3326 apparet
518 3239 741 3324 dispescenda:
766 3235 1212 3314 dromoni-eumne·

95 3339 190 3409 OPOS:
212 3347 244 3412 in
270 3370 335 3431 qua
357 3347 494 3432 legenda
512 3345 713 3412 multimodis
733 3345 812 3409 olim
831 3349 974 3410 erratum
992 3347 1050 3409 est.
1081 3343 1130 3408 Dc
1149 3366 1213 3429 qua

94 3450 157 3530 quod
176 3453 317 3520 iudicare
346 3453 543 3518 confidenter
570 3474 718 3536 possum,
746 3452 903 3536 singulari
931 3450 1086 3515 beneficio
1110 3449 1211 3515 Rere·
1227 3477 1251 3515 n

95 3555 247 3625 rendissimi
268 3559 375 3624 Patris
389 3557 492 3623 Marci
512 3557 660 3623 effectum
680 3561 742 3640 est,
767 3557 856 3622 cuius
876 3555 1066 3620 liberalitati
1085 3577 1212 3621 summa
1265 3581 1267 3588 ·

94 3679 149 3725 lum
168 3687 236 3732 cura
261 3667 456 3733 delineatum
485 3665 667 3749 exemplum
695 3664 804 3730 debeo.
850 3663 932 3728 Earn
962 3663 1063 3748 igitur
1086 3663 1210 3750 epigra-

94 3764 159 3846 phen
184 3774 235 3858 qui
266 3777 350 3838 teste
377 3773 492 3838 Iahnio
521 3795 551 3856 p.
570 3772 610 3836 61
632 3792 679 3854 sq.
707 3771 830 3854 primus
863 3773 949 3834 recte
981 3770 1211 3853 interpretatus

95 3877 132 3935 ut
148 3873 298 3946 tierricus
316 3879 481 3944 Brunnius
510 3899 614 3960 meus,
642 3877 755 3942 subtili
783 3876 957 3960 eadamque
985 3876 1211 3959 percommodo

96 3977 294 4052 observatione
323 3987 450 4051 monuit
483 3984 521 4050 de
550 3983 686 4061 Quirina
714 3983 802 4048 tribu
829 4005 915 4048 anno
947 3982 1075 4048 demum
1099 3981 1210 4048 DXllI

96 4081 168 4153 laeta.
208 4091 301 4158 Vnde
338 4091 412 4157 huic
449 4092 512 4176 ipsi
549 4091 689 4176 tempori
726 4090 928 4176 aliquantum
966 4089 1064 4153 etiam
1102 4111 1209 4173 super·

97 4193 181 4262 snum
209 4201 309 4266 fuisse
340 4197 447 4264 OPOS
481 4221 538 4283 pro
572 4196 681 4263 OPVS
696 4278 701 4284 ,
719 4199 912 4281 scripturam
945 4217 1016 4260 cum
1049 4196 1209 4262 similibus

100 4345 277 4364 '’''z———a

164 4425 285 4500 ⁸)[vide
303 4445 377 4482 nunc
394 4426 424 4482 Ρ.
444 4426 475 4479 L.
494 4425 530 4480 M.
550 4427 580 4481 E.
600 4429 657 4484 tab.
677 4424 743 4492 lB;
770 4423 798 4480 C.
819 4426 839 4479 l.
860 4423 889 4477 L.
910 4425 920 4478 l
941 4441 965 4476 n.
982 4427 1023 4478 52.
1063 4425 1163 4500 C.W.]
