3074 5138
459 392 740 441 svrruauunrvn
764 392 785 438 1.
1128 374 1193 439 499

79 535 186 599 suadere
199 534 318 599 volenti
334 534 402 598 sive
415 535 518 599 invito
529 540 719 620 extorquere
734 532 886 617 potuerIt.
904 531 1027 596 Verum
1042 531 1128 596 aliud
1144 537 1194 596 est

79 641 151 724 quod,
165 646 199 705 ut
206 639 415 705 Plutarchum
429 642 540 724 potius
556 662 736 726 sequamur,
756 640 904 704 suadeat:
928 638 1049 702 Fabius
1064 639 1149 703 enim
1165 638 1193 702 si

79 767 157 826 parvo
169 747 321 830 temporis
336 749 509 814 intervallo
528 748 699 813 interiecto
714 746 909 828 abdicasset,
933 744 1074 809 eiusdem
1094 745 1193 810 dicta-

78 857 161 914 turam
178 852 311 918 alteram
331 852 443 920 Livius
466 855 520 920 vix
543 855 670 920 uidetur
693 854 741 918 ita
765 855 1073 918 commemoraturus
1091 851 1193 916 fuisse

80 957 139 1039 quin
159 958 222 1023 eius
244 961 291 1025 rei
310 962 458 1047 quamvis
477 962 609 1027 brevem
628 960 825 1026 mentionem
843 957 971 1022 faceret.
1002 957 1031 1022 Α
1050 956 1192 1022 Minucio

79 1067 163 1128 uuum
179 1069 214 1129 ut
231 1088 288 1130 ara
301 1065 434 1132 Herculi
453 1071 632 1148 voraretur,
654 1065 750 1130 facile
770 1064 973 1148 intellegitur
996 1064 1046 1128 vel
1068 1065 1193 1148 paucis-

79 1168 205 1235 simorum
227 1171 352 1238 dierum
375 1173 573 1239 dictaturam
597 1173 741 1238 sufficere
764 1172 918 1256 potuisse.

147 1275 291 1362 Sequitur
313 1283 350 1344 ut
372 1284 554 1365 quaeratur,
577 1280 629 1346 cui
653 1301 736 1345 anno
755 1279 816 1344 hae
836 1279 1015 1344 dictaturae
1034 1301 1107 1343 oum
1125 1300 1193 1342 ma-

79 1381 194 1463 gisteriis
220 1386 365 1469 equitum
393 1387 459 1451 suis
487 1386 678 1452 tribuendae
709 1386 783 1451 sint
828 1385 938 1450 Trium
962 1390 1071 1450 autem
1095 1406 1191 1448 anno-

79 1508 132 1552 rum
152 1490 219 1556 533.
242 1490 317 1556 534.
340 1491 415 1575 535,
439 1497 475 1558 ut
498 1493 554 1577 qui
577 1496 611 1557 et
632 1493 668 1556 in
690 1491 852 1577 lapidibus
877 1487 1071 1575 Capitolinis
1095 1491 1192 1554 inter·

81 1593 189 1660 uiderint
205 1601 237 1662 et
249 1597 342 1663 Livio
360 1601 446 1664 teste
465 1603 605 1683 careant,
628 1599 780 1684 quoniam
800 1598 891 1681 optio
911 1596 986 1662 data
1004 1600 1064 1680 est,
1084 1597 1192 1661 videu-

81 1700 138 1764 dum
156 1701 191 1766 dc
211 1705 396 1770 consulibus
420 1727 593 1790 equorum
618 1705 767 1770 absentia
790 1725 904 1768 caussa
926 1703 1104 1786 probabilis
1128 1725 1192 1767 cre-

81 1807 138 1871 andi
157 1808 317 1876 dictatum
345 1815 522 1896 repetatur.
567 1811 613 1876 Et
640 1811 679 1876 da
703 1833 741 1876 eo
765 1808 894 1895 quidam
916 1809 972 1893 qui
995 1809 1119 1874 medius
1144 1814 1194 1873 est

81 1935 145 1978 auno
165 1915 224 1981 534
244 1939 341 1984 nemo
365 1923 494 2003 praeter
521 1923 645 1984 ceteros
669 1917 841 2003 cogitabit:
868 1937 932 2000 quo
955 1937 1014 1980 nec
1036 1916 1193 2000 magister

81 2021 197 2101 equitum
218 2027 268 2088 sat
291 2024 460 2090 commode
483 2025 629 2090 credetur
652 2023 687 2090 (l.
701 2022 880 2089 Flaminius
904 2021 1017 2106 dictus,
1040 2045 1135 2106 quem
1154 2045 1192 2088 eo

80 2122 133 2206 ipso
160 2150 236 2194 anno
269 2133 398 2196 constat
428 2153 582 2198 censurae
614 2149 745 2196 munere
777 2151 850 2194 cum
877 2128 912 2193 L.
935 2128 1075 2193 Aemilio
1102 2129 1192 2212 Papo

80 2228 209 2320 functum,
238 2257 297 2301 nec
328 2238 453 2304 externi
480 2237 557 2302 belli
585 2237 744 2322 gravioris
769 2235 943 2300 difficultas
972 2235 1040 2300 ulla
1068 2235 1192 2299 incidit.

80 2335 150 2403 Nihil
170 2343 248 2408 enim
272 2365 311 2408 ex
333 2343 395 2409 hoc
418 2365 536 2430 genere
561 2344 723 2429 proditum
747 2346 798 2408 est
819 2346 950 2426 praeter
969 2343 1016 2407 rei
1034 2341 1192 2408 tenuioris

81 2447 182 2511 aunem
206 2449 350 2515 Zonaras
373 2449 469 2534 VIII,
492 2450 535 2514 20
562 2473 593 2534 p.
616 2449 679 2514 174
711 2448 796 2512 hane
824 2447 1027 2512 memoriam:
1059 2449 1192 2515 Λούκιοε

81 2551 298 2635 &mercamur
327 2557 378 2621 καὶ
403 2557 423 2620 Γ
424 2556 493 2622 drot
517 2555 690 2620 Λουτάτιος
712 2557 814 2635 ἦλθον
837 2557 927 2635 μέχρι
950 2559 1015 2618 τῶν
1033 2553 1192 2638 Ἄλπεων,

81 2651 150 2720 ἄνευ
169 2662 204 2724 δὲ
227 2663 344 2742 μάχη(
372 2665 515 2728 πολλοὺς
539 2663 748 2747 ᾡκειώεαντο.
772 2659 876 2726 Multo
900 2660 1081 2745 graviorem
1104 2683 1192 2725 caus-

82 2781 133 2825 sam
151 2764 258 2830 dixeris
282 2767 317 2831 in
335 2767 459 2852 Illyrici
478 2768 556 2834 belli
574 2767 670 2833 rebus
691 2767 790 2851 gestis
810 2767 976 2832 iuventam
994 2787 1079 2850 esse,
1106 2766 1191 2850 quod

81 2869 197 2945 proximo
220 2895 302 2938 anno
323 2873 389 2938 535
412 2873 593 2939 insecutum
618 2879 681 2951 est,
705 2873 832 2938 finitum
856 2875 965 2938 autem
984 2872 1110 2938 devicto
1129 2874 1191 2939 De-

83 2975 171 3040 metrio
191 2976 307 3044 Phario
331 2978 580 3064 Illyriorumque
603 2983 690 3044 terra
713 2979 802 3044 omni
824 2978 1015 3064 perdomita.
1061 2980 1113 3044 Ad
1132 2980 1193 3046 boc

82 3079 146 3144 enin
169 3083 283 3150 bellum
310 3084 487 3171 gerendum
515 3086 577 3151 etsi
600 3085 756 3170 Polybius
784 3085 913 3170 quidem
939 3107 1040 3151 unum
1063 3109 1133 3152 esse
1156 3087 1192 3152 L.

82 3181 225 3254 lembum
238 3190 389 3257 Paullum
402 3191 508 3257 Roma
530 3193 665 3257 missum
689 3213 762 3257 cum
785 3191 928 3256 exercitu
952 3193 1054 3257 tradit
1075 3192 1134 3276 ΠΙ,
1151 3195 1191 3258 16

83 3292 246 3382 eundemque
263 3297 421 3364 rictorem
440 3321 539 3363 unum
558 3299 778 3382 triumphasse
797 3319 865 3382 cap.
883 3299 936 3363 19:
960 3320 1097 3383 quocum
1117 3321 1190 3365 con-

82 3397 148 3460 venit
168 3399 288 3468 Iustino
317 3402 535 3468 ‘Demetrium
567 3424 678 3486 regam
704 3403 888 3486 lllyriorum
916 3425 1019 3489 nuper
1047 3428 1066 3469 a
1088 3404 1189 3470 Paulo

82 3496 197 3572 Romam
217 3508 351 3574 vietum'
374 3509 569 3574 memoranti
592 3507 714 3593 XXIX,
732 3511 768 3574 2:
801 3512 911 3573 tamen
935 3510 1089 3595 conlegae
1113 3532 1189 3594 quo-

83 3625 126 3686 que
148 3609 184 3678 ll.
201 3613 283 3680 Livii
312 3613 505 3681 Salinatoris
536 3617 660 3700 aliquas
688 3620 799 3700 partes
825 3615 927 3680 fuisse
955 3615 1112 3680 credItum
1140 3619 1190 3679 est

82 3710 142 3779 aliis.
174 3717 254 3785 llam
282 3727 315 3786 et
338 3719 482 3786 Zonaras
506 3743 583 3786 sane
606 3722 626 3786 l.
646 3745 671 3786 s.
691 3745 715 3786 s.
744 3720 840 3786 ambo
869 3721 1015 3786 consules
1043 3723 1187 3786 nomina·
1203 3739 1263 3779 vm
1307 3695 1324 3720 ⁰

81 3815 125 3882 lin
140 3823 218 3910 dicit,
240 3831 272 3892 et
290 3829 377 3892 ultra
394 3849 584 3913 progressus
604 3828 743 3912 scriptor
760 3827 865 3893 libelli
885 3827 923 3892 de
943 3829 1022 3892 viris
1041 3829 1088 3894 ill.
1106 3851 1131 3893 c.
1146 3829 1189 3894 50

82 3917 189 3996 ‘bivium
205 3931 418 4000 Salinatorem
442 3935 547 4017 primo
566 3935 730 3998 consulem
755 3934 793 3998 da
811 3933 936 4017 Illyriis
958 3933 1187 4020 triumphasse'

82 4029 202 4100 testatur:
232 4061 335 4124 equo
358 4037 449 4103 fonte
478 4040 548 4105 solo
576 4040 694 4124 duplex
723 4063 808 4105 nunc
835 4041 1020 4125 triumphus
1044 4041 1127 4106 Livii
1154 4041 1188 4105 in

82 4129 160 4204 fastos
179 4143 315 4210 intravit.
351 4142 527 4230 Viderique
551 4149 659 4229 potest
682 4145 722 4210 ad
741 4146 885 4231 aliquam
904 4145 981 4210 belli
1001 4147 1186 4213 societatem

81 4234 136 4318 ipsa
160 4267 265 4314 mussa
296 4251 439 4316 accusati
467 4252 675 4336 damnatique
705 4251 819 4335 populi
847 4252 966 4318 iudicio
995 4251 1188 4318 Salinatoris

81 4353 208 4439 specum,
233 4362 269 4423 ut
296 4381 391 4444 quem
415 4357 581 4443 ‘praedam
608 4379 674 4422 nou
702 4359 882 4442 aequaliter
905 4357 1054 4422 divisisse
1078 4358 1188 4424 militi·

82 4445 136 4514 bus'
155 4465 275 4542 quartus
298 4464 353 4548 qui
366 4442 517 4528 Frontini
540 4463 643 4528 fertur
665 4463 749 4529 liber
764 4461 1055 4549 Strategematicon
1076 4487 1143 4548 cap.
1161 4467 1189 4550 1,

921 4569 976 4628 ³2*
