3048 5140
348 395 413 461 300
617 410 738 461 sonsrs
763 411 959 460 sanvnmun
983 409 1214 460 srroruncrvn.

347 553 440 620 ‘liber
462 554 519 620 das
542 554 683 620 Mettum
706 554 810 620 dieser
824 555 940 620 Worte
962 554 1022 620 hat
1044 555 1115 640 sich
1137 553 1288 620 niemaud
1315 557 1505 640 geiussert3

348 661 411 727 und
434 661 517 728 doch
544 662 603 746 ist,
630 661 706 727 dass
734 661 782 727 sie
809 660 964 726 metrisch
993 661 1079 746 sind,
1112 661 1212 728 achon
1239 661 1347 727 durch
1374 657 1503 726 Ciceros

347 769 464 834 Zusatn
490 769 535 834 im
564 766 647 834 Cato
675 792 717 834 m
741 769 809 853 [lI,
832 769 888 850 61]
921 768 1095 834 bewiesen:
1134 774 1241 835 actam
1272 775 1321 835 est
1358 788 1504 834 carmen

345 875 477 942 inciaco
508 877 544 941 ia
575 876 725 958 sepulcro,
763 874 891 942 freilich
923 895 1027 962 gagen
1062 875 1113 940 die
1145 875 1397 960 genthnliche,
1429 875 1502 938 eber

345 981 469 1048 seleche
483 981 649 1065 Meinung,
672 980 747 1045 dass
765 1001 888 1058 corraei
906 981 988 1046 auch
1007 1003 1070 1048 von
1088 981 1334 1048 unmetrischen
1349 981 1501 1046 Formeln

346 1094 462 1176 gesagt
484 1086 609 1154 werde?
656 1087 745 1164 Quae
769 1108 842 1152 cum
867 1087 1070 1171 scripsimus,
1098 1109 1166 1153 non
1194 1109 1306 1154 snmus
1334 1087 1382 1154 M.
1406 1087 1502 1154 Tullii

319 1193 510 1261 sCiceronis
534 1193 645 1280 obliti,
672 1216 767 1280 quem
795 1197 925 1259 constat
952 1195 1102 1260 carminis
1131 1194 1328 1261 vocabulum
1355 1195 1392 1260 in
1415 1195 1499 1279 leges

346 1301 410 1367 XII
422 1302 618 1368 'tabularum
642 1300 903 1366 accommodasse
921 1300 1006 1364 libro
1025 1299 1058 1364 Π
1080 1300 1120 1365 de
1138 1301 1267 1386 legibus
1291 1323 1319 1366 c
1339 1301 1386 1366 23
1407 1304 1427 1381 ξ
1446 1300 1499 1364 59:

346 1407 428 1473 ‘Iam
452 1413 560 1474 cetera
581 1409 617 1473 iu
635 1407 699 1473 XII
723 1407 888 1472 minuendi
912 1413 1060 1492 sumptus
1084 1410 1162 1474 sunt
1184 1407 1498 1490 lamentationisque

345 1515 504 1597 funebris,
532 1513 692 1580 translata
718 1513 757 1578 de
782 1512 911 1579 Solonis
935 1513 1002 1580 fere
1025 1514 1163 1600 legibus.
1212 1515 1368 1598 hospius
1396 1513 1498 1596 inquIt

345 1641 384 1686 ne
398 1620 510 1702 [coita
532 1641 641 1704 rapam
659 1621 746 1686 ascia
763 1641 801 1685 ac
812 1619 920 1703 polito.
948 1620 1054 1686 nostis
1072 1643 1153 1705 qnae
1178 1624 1378 1705 sequuntur:
1401 1619 1494 1684 disca

346 1727 461 1793 bamus
485 1726 571 1791 enim
593 1727 686 1810 pueri
706 1725 769 1792 XII
791 1731 834 1792 ut
856 1748 1007 1793 carmen
1029 1727 1305 1810 necessarium,
1330 1747 1416 1811 quas
1436 1725 1495 1788 iam

346 1855 442 1899 nemo
474 1831 591 1899 discit?
638 1831 686 1898 De
714 1833 766 1898 his
795 1833 880 1898 enim
910 1833 1017 1899 verbis
1047 1833 1108 1898 etsi
1137 1833 1172 1897 iu
1204 1832 1355 1898 diversas
1389 1833 1493 1915 partes

346 1963 418 2007 cum
441 1941 561 2007 discedi
584 1945 694 2025 potest
717 1943 787 2005 tum
807 1940 982 2006 discessum
1002 1945 1061 2020 est,
1083 1944 1195 2006 tamen
1216 1941 1278 2006 arti
1299 1935 1493 2003 conveniens

345 2049 573 2132 interpretatio
597 2048 652 2113 rix
675 2047 762 2113 aliud
784 2047 909 2132 patitur
932 2048 996 2113 nisi
1020 2051 1056 2113 ut
1073 2069 1187 2132 reapse
1206 2046 1295 2132 leges
1315 2043 1384 2109 XII
1407 2040 1491 2106 tabo-

345 2155 450 2222 larum
472 2155 550 2220 illae
574 2152 749 2239 aliquando
778 2153 879 2219 fuisse
907 2154 940 2219 in
968 2154 1062 2218 metri
1091 2154 1231 2220 formam
1254 2153 1409 2218 redactae
1433 2168 1491 2211 cre·

347 2260 473 2326 dantur.
520 2261 608 2338 Quae
636 2282 688 2326 res
716 2282 813 2344 quam
842 2264 876 2325 et
903 2283 923 2326 a
951 2261 1104 2326 similium
1135 2260 1384 2345 comparatione
1412 2275 1489 2319 oom-

346 2366 586 2433 mendationem
606 2372 639 2433 et
657 2367 900 2433 demonstrandi
920 2367 1133 2451 multiplicem
1148 2367 1332 2433 cautionem
1352 2361 1488 2440 haberet,

346 2472 562 2537 meminerunt
590 2477 683 2558 pute,
712 2473 768 2558 qui
795 2472 933 2558 publicis
962 2472 1083 2538 scholis
1116 2472 1238 2537 nostris
1266 2467 1488 2546 iuterfuerunt,

346 2578 472 2663 aliquot
496 2580 652 2664 exemplis
675 2579 723 2644 ite
750 2602 810 2646 nos
840 2583 1025 2664 persecutos
1048 2600 1134 2664 esse,
1162 2584 1198 2644 nt
1221 2599 1324 2664 genus
1348 2593 1485 2642 numero·

346 2708 417 2750 rum
440 2707 481 2751 ne
503 2685 556 2751 hic
579 2687 709 2772 quidem
737 2685 826 2752 aliud
850 2689 946 2770 atque
970 2683 1157 2750 Saturnium
1186 2683 1288 2749 fuisse
1311 2680 1485 2749 ostendere·

345 2815 427 2860 mus.
458 2791 560 2858 Velut
577 2793 684 2877 ipsum
703 2792 784 2859 illud
803 2790 970 2858 Ciceronis
993 2791 1174 2875 exemplum
1194 2789 1326 2856 adeam
1345 2804 1482 2854 normam

345 2899 410 2963 leni
433 2899 528 2963 unius
551 2900 685 2965 voculae
707 2887 962 2984 transpositione
986 2899 1033 2964 sic
1055 2898 1190 2964 accedit:

434 3003 515 3069 Hoc
536 3005 624 3088 plus
647 3027 693 3071 ne
715 3005 856 3072 facito:
879 3006 925 3070 ne
947 3026 1081 3091 rogum
1103 3041 1126 3052 ·-
1149 3003 1255 3069 asciri
1277 3000 1417 3088 polito:

345 3109 410 3176 nisi
441 3131 486 3175 ne
519 3111 644 3176 sisci-ri
673 3117 807 3198 rogum
839 3110 963 3197 polito
995 3111 1107 3177 males.
1158 3109 1361 3193 Quamquam
1394 3102 1480 3170 etiam

346 3219 479 3302 rdgum
501 3239 546 3283 ne
564 3255 587 3264 -
607 3219 714 3284 siscia
736 3218 863 3305 polito
887 3219 987 3285 habet
1001 3219 1055 3303 qui
1070 3216 1270 3283 defendatur.
1300 3213 1387 3282 Nam
1402 3205 1479 3276 omni

346 3325 553 3409 supersedere
577 3324 831 3410 transpositione
853 3327 902 3390 ita
919 3330 1049 3391 tantum
1068 3325 1199 3410 poteris,
1221 3326 1258 3388 ut
1275 3325 1400 3388 resecto
1418 3335 1480 3400 pro

344 3431 485 3517 nomine,
508 3433 594 3517 quod
617 3437 727 3499 tamen
750 3434 814 3517 ipsi
837 3431 985 3499 Ciceroni
1008 3433 1151 3497 tribuere
1173 3431 1228 3496 vix
1251 3429 1365 3513 ausim,
1393 3421 1477 3503 scrIp·

345 3541 416 3604 tum
451 3539 553 3606 fuisse
589 3541 624 3604 tn
656 3537 721 3604 XII
756 3538 847 3604 Plus
878 3539 925 3604 nd
957 3538 1093 3605 facito:
1124 3555 1259 3622 rogum
1292 3532 1413 3601 inci-t
1440 3523 1478 3590 ne'

243 3633 247 3642 ’
345 3641 472 3730 polito
500 3645 674 3711 existimes.

435 3749 525 3817 Haec
548 3756 657 3817 autem
676 3773 757 3836 ques
774 3751 917 3817 breviter
936 3751 1114 3837 significavi
1137 3749 1363 3818 meditationes
1380 3739 1475 3812 nescio

346 3879 536 3943 quousque
563 3857 596 3922 in
624 3858 752 3923 scriniis
780 3859 902 3925 nostris
929 3859 1118 3925 latitaturae
1146 3856 1280 3941 fuerint,
1309 3854 1372 3920 uisi
1393 3846 1473 3915 huus

346 3963 449 4048 ipsius
473 3964 549 4029 anni
572 3964 708 4030 decursu
730 3964 850 4049 triplex
874 3964 1062 4048 admonitio,
1088 3966 1125 4028 ut
1151 3963 1282 4028 illarum
1310 3951 1472 4026 recordatio

346 4069 635 4154 redintegraretur,
666 4069 834 4136 effecisset.
888 4069 975 4135 Nam
1007 4091 1136 4136 carmen
1168 4068 1206 4133 de
1236 4067 1379 4134 moribus
1404 4053 1472 4126 illud

346 4175 481 4243 Catonis
512 4176 653 4260 primum
686 4176 815 4262 quidem
842 4176 881 4241 Il.
908 4175 1150 4242 Kaercherus
1183 4173 1311 4240 exstitit
1342 4170 1393 4259 qui
1417 4183 1469 4229 11⁰ss

346 4283 464 4368 solute,
487 4283 543 4349 sed
566 4285 676 4349 vincta
698 4285 844 4349 oratione
867 4284 1024 4369 scriptum
1047 4305 1118 4348 esse
1140 4279 1365 4366 pronuntiaret
1380 4270 1469 4342 Philo·

347 4390 415 4476 logi
438 4391 500 4456 vol.
514 4389 595 4455 VIII
618 4414 648 4475 p.
667 4392 730 4456 727
751 4413 834 4475 sqq,
860 4395 946 4456 recte
970 4391 1026 4456 ille
1049 4411 1171 4456 camiac
1193 4409 1287 4472 posse
1311 4373 1467 4452 multudi-

346 4515 420 4559 nem
444 4495 677 4562 sententiarum
701 4496 761 4560 dici
785 4515 916 4581 negans,
938 4495 1122 4561 trochaicos
1145 4497 1253 4561 autern
1273 4491 1468 4562 tetrametro,
