3062 5142
387 407 592 456 narmosvu
615 407 883 467 aur1ov1ssuus.
1143 389 1205 454 271

73 550 317 633 reeuperaveris:
353 549 418 615 nisi
449 549 532 614 forte
565 547 776 616 Saeturnos
799 550 922 635 potius
954 549 1022 614 illio
1054 531 1211 632 seriptum

72 655 158 720 fuisse
181 655 372 720 credideris.
417 655 509 732 Quod
538 656 667 740 quidem
696 657 884 722 certissimo·
900 656 1092 720 documento
1116 655 1209 719 disei-

73 765 176 826 turer
198 763 417 852 inseripu'one
445 763 568 827 vasculi
591 763 700 828 Italici
728 764 813 848 quod
840 785 926 829 nuno
948 762 1071 827 Romae
1099 766 1149 826 est
1175 762 1210 824 in

73 890 169 933 museo
191 869 455 935 luculentissimo
478 869 651 935 Iosurus
673 871 799 936 Parin
819 867 1044 935 Orursusa
1069 869 1131 932 viri
1153 890 1209 933 no-

74 975 135 1038 bilis
157 981 188 1040 et
206 975 360 1040 liberalis
379 975 554 1060 imprimis:
579 977 668 1041 ouius
687 977 745 1042 illa
764 977 885 1062 insigni
909 975 1066 1040 beneficio
1085 975 1209 1040 curiose

73 1079 217 1146 delineata
251 1081 296 1146 ad
329 1103 389 1146 nos
421 1083 567 1166 pervenit
598 1103 656 1166 per
686 1083 833 1168 egregios
862 1083 984 1147 amieos
1012 1080 1209 1146 Guilelmum

73 1185 245 1252 Hennenum
281 1191 319 1252 et
349 1187 527 1253 Henrieum
553 1186 747 1272 Bruanium,
779 1191 952 1272 postquam
985 1187 1236 1252 brevissimam

74 1295 129 1356 eius
150 1295 355 1359 mentionem
369 1294 559 1361 Garruooius
582 1295 661 1360 feeit
682 1297 717 1360 in
732 1295 846 1362 Diario
865 1295 1110 1380 arehaeologioo
1125 1295 1209 1360 Nea·

74 1400 203 1481 politano
227 1424 317 1467 novo
343 1403 420 1467 anni
446 1403 531 1468 1852
554 1423 585 1486 p.
605 1400 693 1488 86.*)
735 1401 797 1466 Est
820 1405 928 1466 autem
952 1423 990 1466 ea
1012 1403 1102 1481 talis,
1124 1402 1209 1466 litte-

74 1529 165 1572 ramm
192 1507 304 1592 speeie
332 1509 413 1574 satis
442 1510 514 1575 rudi
542 1508 699 1594 valdeque
731 1509 866 1593 antiqua
898 1531 994 1594 quam
1024 1508 1209 1594 typothetis

74 1611 179 1678 imitari
200 1635 271 1680 non
295 1615 401 1681 licuit:

400 1737 626 1806 SAJITVRNI
645 1776 652 1790 ·
670 1737 872 1806 POCOLOM

74 1863 137 1926 h.e.
162 1861 353 1927 Saeturni
384 1865 562 1946 poeolom
600 1865 697 1946 [Vide
724 1866 790 1931 tab.
814 1863 989 1949 IXfig.A
1012 1869 1045 1928 et
1066 1866 1120 1945 u.].
1165 1863 1210 1929 Et

76 1968 143 2032 hane
162 1969 295 2053 quidem
320 1969 460 2034 formam
484 1970 626 2036 dubitari
649 1972 763 2056 nequit
785 1972 864 2056 quin
888 1971 1002 2054 cupide
1022 1974 1208 2054 arrepturus

75 2073 157 2140 tuerit
173 2075 408 2160 Buttmannus,
431 2099 496 2161 qua
514 2099 606 2143 suam
626 2079 695 2143 eius
714 2078 767 2143 dei
785 2077 1034 2163 originationem
1056 2077 1209 2140 firmaret.

76 2177 101 2242 ls
124 2182 204 2246 enim
238 2186 339 2247 vetus
371 2183 564 2248 vocabulum
596 2185 758 2250 exstitisse
791 2183 973 2268 suspieatus
1005 2183 1125 2247 seium
1157 2177 1209 2247 vel

77 2307 199 2373 seeum,
234 2290 337 2354 unius
368 2309 385 2355 s
416 2290 546 2355 litterae
579 2291 763 2357 accessione
796 2291 958 2355 diversum
997 2292 1037 2356 ab
1075 2312 1208 2356 aevum

77 2395 166 2476 αἰών,
194 2396 275 2461 hine
300 2401 485 2462 saturnus
509 2420 658 2463 manasse
680 2402 718 2462 ut
741 2398 782 2463 ub
806 2419 900 2463 aevo
929 2402 1107 2463 aeternus
1135 2419 1207 2462 con·

79 2501 138 2565 iecit
157 2526 186 2587 p.
203 2505 258 2588 59,
284 2505 470 2588 significatu
495 2527 637 2590 aequans
661 2505 776 2584 κρόνο(
800 2504 993 2570 adieetivum
1017 2503 1048 2568 h.
1068 2525 1092 2568 e.
1114 2501 1208 2587 ‘pris-

78 2605 130 2670 cus'
147 2609 196 2674 rel
216 2608 372 2675 ‘caseus’:
396 2613 515 2695 quippe
539 2611 629 2675 euius
653 2611 765 2696 stirpis
788 2616 874 2676 esset
892 2611 991 2676 etiam
1014 2608 1209 2674 saeculum

77 2733 182 2780 nomen
225 2715 321 2791 Quae
344 2717 491 2800 quamvis
515 2717 680 2782 subtiliter
703 2723 903 2783 commentus
927 2718 983 2796 sit,
1007 2719 1207 2780 commentus

79 2825 116 2883 est
133 2825 239 2887 tamen
264 2844 328 2887 suo
351 2823 504 2906 periculo.
540 2823 624 2888 Nam
650 2827 687 2888 ut
709 2829 836 2890 taceam
858 2824 897 2888 de
920 2823 979 2888 tali
1003 2823 1104 2906 sb'rpe
1123 2821 1206 2887 nihil

78 2927 227 3010 quicquam
252 2929 380 3013 alioqui
403 2933 604 3014 compertum
628 2951 707 3013 esse,
729 2951 789 2996 nee
807 2929 868 2995 hoo
887 2929 1108 3014 perspicimus,
1131 2948 1207 3011 quo-

79 3034 164 3111 modo,
194 3037 221 3099 si
246 3034 456 3100 aeternitatis
486 3034 701 3122 vetustatisue
728 3035 895 3100 notionem
922 3033 1117 3099 saeculum
1145 3056 1207 3100 vox

79 3135 173 3205 habuit
198 3141 418 3226 primitivam,
449 3141 522 3205 inde
550 3141 640 3206 nasei
668 3141 795 3225 generis
823 3140 875 3206 vel
903 3140 1122 3225 generationis
1152 3162 1208 3225 po

78 3247 161 3310 testas
182 3247 333 3332 potuerit
356 3267 451 3330 quam
474 3244 594 3311 ‘saecla
617 3246 828 3332 animantum,
853 3247 1031 3331 hominum,
1052 3245 1206 3311 ferarum’

79 3369 135 3414 cum
159 3354 323 3418 similibus
352 3350 550 3417 Lucretianis
583 3352 693 3439 palam
723 3357 900 3419 testantur:
931 3376 990 3420 neo
1019 3375 1096 3419 vero
1126 3353 1206 3418 illud

78 3455 154 3521 imile
174 3451 273 3525 bodie
300 3458 521 3542 concedemus,
544 3459 627 3524 unde
650 3457 845 3524 Buttmanni
868 3459 1075 3525 ratiocinatio
1101 3459 1206 3524 omnis

79 3563 203 3642 prolecta
221 3573 284 3650 est,
307 3587 407 3629 unum
426 3564 625 3650 eundemque
644 3565 744 3630 fuisse
759 3564 955 3630 Graecorum
971 3565 1093 3644 Κρόνον
1112 3565 1205 3630 deum

79 3665 317 3758 Latinorumque
341 3669 524 3738 Saturnum.
570 3669 641 3747 Quo
669 3671 792 3737 aceedit
815 3673 901 3757 quod
927 3695 994 3738 non
1016 3677 1068 3736 est
1090 3671 1206 3755 probu-

78 3771 129 3838 bile
148 3799 163 3841 e
183 3783 254 3844 tam
278 3779 425 3864 generali
448 3778 591 3862 notione,
614 3777 719 3862 qualis
743 3782 794 3843 est
817 3779 989 3843 vetustatis
1012 3778 1079 3862 illa,
1105 3800 1217 3856 unum·

79 3879 108 3943 de
134 3886 332 3972 principibus
364 3885 432 3950 deis
464 3886 571 3970 gentis
604 3883 740 3950 Latinae
776 3885 945 3969 prodiisse.
1002 3884 1205 3969 Omninoque

81 3986 213 4069 quidest
240 4015 300 4058 our
328 3993 369 4058 ad
399 3993 511 4058 abdita
538 3997 571 4057 et
598 3992 750 4056 abstrusa
773 3992 923 4076 obsoleti,
956 3992 995 4057 de
1023 4015 1087 4077 quo
1114 3993 1205 4058 nullo

81 4098 145 4159 teste
166 4103 306 4183 constet,
336 4100 493 4165 sermonis
517 4097 697 4183 confugias,
725 4098 781 4162 ubi
805 4103 918 4183 aperta
945 4098 979 4162 in
1002 4100 1073 4164 luoe
1095 4100 1206 4187 posita

81 4197 180 4268 habeas
207 4205 241 4271 in
269 4205 447 4291 promptu?
493 4205 574 4269 Tale
602 4209 652 4269 est
674 4208 783 4270 autem
808 4228 872 4291 quo
896 4198 962 4271 'vim
986 4207 1204 4272 serationem

81 4303 273 4378 Saeturnus
297 4311 489 4378 Saturnus
511 4311 689 4376 formarum
713 4312 782 4376 sine
805 4313 886 4397 ulla,
907 4313 971 4378 nisi
994 4313 1100 4398 fallor,
1123 4313 1205 4379 diffi-

84 4438 274 4456 ᾖ-

152 4504 176 4570 *)
194 4505 278 4575 [Vide
296 4521 370 4560 nuno
388 4505 418 4560 O.
438 4505 458 4560 1.
475 4505 506 4561 L.
525 4505 539 4560 I
556 4523 584 4561 n.
597 4511 642 4578 48.
658 4498 661 4504 ’
678 4504 708 4562 C.
721 4505 779 4576 W.]
